3138 4896
356 1305 406 1364 De
428 1305 568 1364 Poenulo
586 1303 727 1362 Plautina
749 1303 945 1381 quaestiones
966 1304 1086 1363 criticas
1113 1323 1152 1362 eo
1174 1305 1269 1364 modo
1290 1324 1357 1365 sum

259 1415 437 1493 scripturus,
459 1405 493 1472 u't
508 1415 638 1492 primum
654 1414 694 1470 de
708 1413 848 1490 prologo,
870 1421 934 1471 tum
956 1415 997 1471 de
1013 1413 1135 1473 tabulae
1150 1414 1244 1492 ipsius
1267 1415 1358 1474 inter·

257 1525 416 1603 polatione
428 1532 460 1581 et
471 1523 687 1582 retractatione
702 1540 801 1599 agam,
817 1524 952 1600 denique
963 1517 1259 1583 nonnullos'labulae
1271 1525 1356 1586 locos
1395 1597 1400 1612 Ι

258 1634 425 1693 emendare
441 1651 544 1694 coner.
573 1632 674 1690 Vnam
692 1632 906 1709 quaestionem
920 1632 985 1691 iere
1007 1641 1105 1692 totam
1127 1634 1274 1693 intactam
1288 1635 1356 1692 reli-

257 1744 324 1822 qui:
344 1761 419 1802 num
433 1742 644 1801 contaminata
665 1741 704 1798 sit
719 1740 832 1810 sabula,
854 1741 888 1800 id
908 1743 992 1818 quod
1007 1742 1059 1818 qui
1077 1743 1192 1820 primus
1214 1761 1252 1802 ea
1266 1744 1307 1802 de
1324 1762 1356 1802 re

257 1852 400 1912 disseruit
412 1852 609 1928 Ladewigius
631 1845 685 1930 (de
697 1869 764 1913 can.
777 1851 866 1915 Volc.
879 1848 950 1910 Sed.
962 1869 1032 1928 pag.
1045 1849 1100 1928 36)
1119 1852 1254 1929 negavit,
1272 1871 1357 1912 nunc

257 1963 429 2038 complures
449 1962 502 2020 viri
524 1961 610 2020 docti
632 1963 827 2019 contendunt
844 1961 881 2021 ci.
898 1960 1108 2020 Reinhardtus
1123 1961 1155 2020 in
1170 1961 1258 2021 Stud.
1275 1963 1356 2021 stud.

257 2071 272 2128 I
293 2088 363 2148 pag.
388 2073 447 2131 109
470 2087 528 2146 sqq
550 2079 584 2128 et
605 2070 804 2129 Franckenus
823 2059 878 2128 ‘de
899 2069 1029 2128 Poenuli
1051 2069 1209 2129 Plautinae
1232 2089 1358 2148 compo·

257 2174 374 2237 sitione’
403 2196 553 2239 mnemos.
575 2199 604 2238 n.
624 2197 648 2238 s.
672 2178 717 2236 IV
745 2196 815 2255 pag.
839 2181 899 2240 146
923 2197 989 2256 sqq.
1026 2178 1101 2240 Mihi
1123 2179 1249 2256 quidem
1271 2187 1358 2238 aute·

257 2306 349 2364 quam
371 2288 448 2347 haec
474 2307 523 2347 res
551 2305 607 2366 pro
630 2297 715 2347 certo
740 2288 905 2364 disceptari
926 2289 1033 2366 possit,
1063 2297 1130 2348 tota
1152 2289 1257 2348 fabula
1277 2306 1358 2365 quae

241 2397 404 2456 maximas
426 2398 495 2457 viris
518 2398 628 2458 criticis
652 2397 845 2474 difficultates
861 2406 893 2455 et
907 2398 1047 2474 praebuit
1068 2405 1101 2456 et
1114 2399 1243 2474 praebet
1264 2416 1358 2474 quam
1433 2449 1435 2456 ,

259 2507 487 2566 accuratissime
507 2508 728 2584 perscrutanda
750 2507 879 2576 videtur,
903 2514 936 2564 ut
949 2507 1022 2582 quid
1035 2506 1136 2568 Plauti
1151 2509 1191 2568 sit
1205 2508 1280 2584 quid
1294 2527 1358 2566 non

258 2616 458 2676 discernatur.
493 2617 545 2676 Ad
565 2618 646 2676 hanc
660 2616 873 2694 quaestionem
895 2618 1119 2677 enucleandam
1141 2618 1165 2677 si
1187 2618 1264 2694 quid
1277 2616 1358 2676 hanc

257 2726 546 2784 commentationem
575 2726 715 2785 attulisse
745 2725 884 2801 iipenes
914 2743 991 2802 quos
1023 2725 1112 2786 huius
1141 2727 1184 2786 rei
1211 2727 1357 2785 iudicium

257 2842 306 2892 est
327 2834 517 2905 iudicabunt,
540 2836 693 2911 gaudebo.
