3138 4896
749 315 782 366 23

255 493 334 552 deos
356 509 480 569 quoque
501 458 615 568 edepol
639 499 671 550 et
692 509 763 552 amo
786 498 818 549 et
836 475 952 570 metuo,
975 493 1086 568 quibus
1102 511 1162 568 ego
1170 489 1194 570 1)
1217 495 1312 554 absti-

1043 621 1104 663 neo
1125 621 1249 664 manus:

216 721 299 773 certe
335 712 361 771 si
392 711 500 772 metuit
530 729 640 770 manus
673 711 818 774 abstinet.
873 711 935 784 Qui
970 685 1053 772 hunc
1078 727 1200 772 versum
1224 715 1313 773 addi·

216 824 271 893 dit,
293 823 321 881 ei
343 823 484 900 fortasse,
504 822 584 880 sicut
603 841 630 883 v.
655 823 694 881 67
718 839 755 878 ex
777 821 870 882 Most.
895 823 975 882 1115
998 809 1092 899 linxit,
1117 822 1262 882 Pseudoli
1285 842 1312 886 v.

216 935 276 994 944
295 931 530 992 obversabatur:
613 944 617 952 ’

275 1049 313 1116 ut
333 1057 394 1116 ego
417 1040 457 1098 ob
481 1047 573 1114 tuam,
607 1037 710 1108 Simia,
743 1040 902 1116 perfidiam
936 1048 969 1099 te
995 1059 1066 1100 amo
1097 1048 1131 1099 et
1151 1049 1258 1100 metuo
1282 1049 1314 1100 et

1074 1143 1250 1228 magnifico:

312 1259 401 1318 Haec
423 1259 448 1318 si
470 1259 538 1334 quis
561 1259 727 1336 reputabit,
748 1267 831 1317 certe
853 1277 974 1318 mecum
996 1260 1168 1318 consentiet
1188 1281 1216 1320 v.
1230 1263 1312 1322 67-

213 1373 253 1431 70
276 1377 388 1448 postea
408 1385 478 1428 esse
501 1368 636 1429 additos.
670 1368 720 1427 De
742 1387 768 1428 v.
793 1370 917 1429 63-66
939 1387 1051 1446 perse
1074 1378 1123 1428 sat
1140 1371 1312 1429 commodis

214 1480 266 1538 diu
292 1478 443 1548 dubitavi3
465 1479 522 1536 sed
543 1479 673 1554 primum
697 1480 738 1537 ob
759 1496 830 1536 eam
852 1495 944 1554 quam
958 1496 1051 1553 supra
1072 1478 1160 1537 attuli
1176 1496 1311 1548 causam,

213 1597 276 1649 nrm
299 1589 386 1665 quod
408 1588 522 1663 duplex
546 1588 676 1646 deorum
698 1588 862 1646 advocatio
885 1605 912 1646 v.
937 1589 976 1647 64

253 1699 288 1756 di
307 1698 494 1756 immortales
517 1697 746 1772 omnipotentes
769 1697 844 1772 quid
866 1705 915 1754 est
937 1699 1020 1773 apud
1042 1714 1096 1754 vos
1118 1697 1250 1774 pulcrius

255 1808 328 1885 quid
351 1807 471 1868 habetis
494 1807 546 1883 qui
568 1803 692 1881 mage2)
712 1789 900 1865 immortales
924 1824 977 1865 vos
999 1806 1124 1866 credam
1157 1824 1227 1866 esse
1256 1825 1312 1883 eqs

215 1923 247 1974 et
268 1935 297 1973 v.
321 1917 376 1975 76:
400 1914 442 1972 ita
464 1931 514 1974 me
537 1909 570 1974 di
593 1922 699 1974 ament
720 1921 754 1972 ut
781 1913 831 1974 illa
852 1932 902 1972 me
924 1924 1008 1972 amet
1031 1906 1248 1990 malim'quam
1271 1915 1313 1994 di,

1110 2023 1248 2099 Milphio,

215 2151 280 2194 non
301 2132 383 2192 bene
411 2133 524 2192 cadem
555 2150 669 2192 scaena
685 2133 870 2204 continetur,
892 2133 1027 2209 denique
1050 2133 1135 2209 quod
1156 2133 1251 2191 etiam
1272 2133 1312 2192 illi

219 2260 324 2304 versus
346 2244 434 2304 facile
455 2264 494 2304 ex
516 2245 663 2304 similibus
686 2245 767 2303 velut

260 2352 344 2414 Asin.
369 2356 443 2416 134:
465 2371 537 2414 nam
558 2353 742 2414 marchand
763 2361 812 2412 est
826 2371 923 2414 mare:
948 2369 1001 2412 vos
1022 2371 1108 2412 mare
1124 2371 1314 2414 acerrumum

262 2461 373 2524 Pseud
398 2465 472 2524 ³28:
494 2483 567 2522 nam
589 2463 733 2524 hic·mihi
754 2481 836 2522 nunc
858 2440 912 2521 est
936 2464 1032 2521 multo
1055 2464 1157 2539 potior
1176 2463 1313 2540 Iuppiter

989 2591 1083 2650 quam
1103 2575 1248 2651 luppiter,

259 2683 341 2743 Rud.
365 2685 442 2744 305:
463 2701 547 2744 nuuc
568 2681 723 2742 Venerem
746 2683 827 2741 hanc
845 2701 1025 2742 veneremur
1044 2685 1159 2742 bonam

347 2791 541 2853 13482111ud
571 2810 632 2868 ego
665 2794 832 2850 advorsum
852 2793 878 2852 si
898 2794 973 2870 quid
1001 2807 1162 2868 peccasso,
1194 2792 1312 2868 Venus,

467 2919 595 2961 veneror
617 2911 657 2976 te,

213 3010 325 3087 quibus
356 3009 434 3069 infra
465 3013 617 3070 addemus
653 3010 747 3072 Poen.
783 3010 812 3068 V
841 3015 870 3090 4,
906 3013 923 3067 7
958 3012 1071 3072 excudi
1093 3019 1247 3089 poterant,
1280 3021 1315 3069 ut

215 3137 339 3180 omnem
364 3120 447 3180 illam
469 3129 587 3196 partem
610 3138 629 3178 a
653 3139 680 3182 v.
703 3121 744 3180 63
765 3139 863 3196 usque
885 3121 927 3180 ad
946 3138 973 3180 v.
998 3123 1068 3181 'loa
1091 3120 1201 3178 Plauto
1227 3120 1313 3178 abiu·

215 3228 317 3294 dicem
337 3245 543 3288 commoveor.
577 3229 771 3288 Retinendos
793 3239 897 3289 autem
919 3230 1003 3288 duco
1024 3229 1071 3288 his
1086 3246 1177 3305 quam
1200 3228 1313 3286 similli-

213 3356 282 3398 mos
313 3357 340 3399 v.
365 3341 498 3409 76-83,
532 3339 604 3415 quia
632 3338 867 3416 Agorastoclem
894 3340 1045 3416 sapientia
1070 3347 1193 3398 amatae
1221 3339 1314 3396 verba

213 3469 241 3509 v.
266 3451 387 3510 73-75
411 3465 474 3508 non
502 3448 645 3507 laudibus
668 3455 863 3525 prosecutum
893 3465 961 3506 esse
995 3465 1059 3506 non
1081 3463 1206 3524 possum
1239 3447 1313 3505 mihi
1406 3450 1407 3453 ’

213 3544 410 3634 persuadere.
446 3558 640 3618 Accedamus
653 3557 745 3632 igitur
758 3585 794 3598 -
808 3571 882 3616 nam
903 3558 1311 3617 v.100-103et114.11s

313 3843 340 3907 1)
359 3843 398 3894 sic
416 3843 509 3909 scripsi
528 3851 557 3894 ut
575 3843 661 3894 versui
679 3859 733 3893 non
761 3843 906 3894 sententiae
925 3843 1110 3896 satisfacerem.
1139 3841 1197 3893 cod.
1217 3842 1314 3908 quibus

213 3955 263 4003 ego
282 3945 377 3991 tamen.
414 3939 560 4005 Geppertus
579 3954 703 4006 perverse
721 3937 803 3989 Bothi
820 3933 890 4003 ‘quis
909 3931 1003 3989 tamen'
1024 3938 1132 4004 recepit.

314 4035 342 4103 2)
363 4036 401 4086 sic
419 4036 531 4088 codices.
560 4037 639 4102 Quod
659 4037 809 4103 Geppertus
833 4036 861 4085 in
888 4036 1003 4087 editione
1022 4036 1127 4103 scripsit
1154 4031 1240 4098 'mage
1260 4029 1313 4102 qui'

214 4140 241 4183 et
263 4133 408 4184 Muellerus
436 4149 507 4200 pros.
534 4149 594 4200 pag.
623 4133 676 4184 34³
696 4148 728 4183 ex
754 4133 853 4182 formae
871 4148 947 4198 mage
976 4148 1026 4184 usu
1045 4133 1167 4184 refutavit
1200 4140 1226 4183 et
1255 4133 1314 4200 ipse

214 4227 298 4294 Gepp.
317 4227 386 4280 stud
405 4227 493 4280 Plaut.
511 4235 572 4295 pag:
592 4227 642 4280 135
663 4229 822 4281 retractavit.
