<?xml version="1.0" encoding="UTF-8"?>
<!DOCTYPE html PUBLIC "-//W3C//DTD XHTML 1.0 Transitional//EN"
    "http://www.w3.org/TR/xhtml1/DTD/xhtml1-transitional.dtd">
<html xmlns="http://www.w3.org/1999/xhtml" xml:lang="en" lang="en">
 <head>
  <title>
</title>
<meta http-equiv="Content-Type" content="text/html;charset=utf-8" />
  <meta name='ocr-system' content='tesseract 3.04.00' />
  <meta name='ocr-capabilities' content='ocr_page ocr_carea ocr_par ocr_line ocrx_word'/>
</head>
<body>
  <div class='ocr_page' id='page_1' title='image "./depoenuloplauti01schugoog_0043.png"; bbox 0 0 3138 4896; ppageno 0'>
   <div class='ocr_carea' id='block_1_1' title="bbox 779 307 891 372">
    <p class='ocr_par' dir='ltr' id='par_1_1' title="bbox 779 307 891 372">
     <span class='ocr_line' id='line_1_1' title="bbox 779 307 891 372; baseline 0 0"><span class='ocrx_word' id='word_1_1' title='bbox 779 307 891 372; x_wconf 83' lang='lat' dir='ltr'>as&#39;</span> 
     </span>
    </p>
   </div>
   <div class='ocr_carea' id='block_1_2' title="bbox 240 492 1414 1120">
    <p class='ocr_par' dir='ltr' id='par_1_2' title="bbox 240 492 1373 1015">
     <span class='ocr_line' id='line_1_2' title="bbox 244 492 1346 576; baseline -0.007 -17"><span class='ocrx_word' id='word_1_2' title='bbox 244 502 380 561; x_wconf 89' lang='lat' dir='ltr'>versibus</span> <span class='ocrx_word' id='word_1_3' title='bbox 401 503 450 562; x_wconf 83' lang='lat'>97.</span> <span class='ocrx_word' id='word_1_4' title='bbox 464 501 511 561; x_wconf 88' lang='grc'>98.</span> <span class='ocrx_word' id='word_1_5' title='bbox 550 499 728 576; x_wconf 90' lang='lat' dir='ltr'>Geppertus</span> <span class='ocrx_word' id='word_1_6' title='bbox 751 497 950 574; x_wconf 86' lang='lat' dir='ltr'><strong>transposuit,</strong></span> <span class='ocrx_word' id='word_1_7' title='bbox 971 492 1035 555; x_wconf 91' lang='lat' dir='ltr'>non</span> <span class='ocrx_word' id='word_1_8' title='bbox 1057 503 1150 556; x_wconf 78' lang='lat' dir='ltr'>recte.</span> <span class='ocrx_word' id='word_1_9' title='bbox 1183 493 1262 553; x_wconf 92' lang='lat' dir='ltr'>Nam</span> <span class='ocrx_word' id='word_1_10' title='bbox 1284 512 1346 572; x_wconf 91' lang='lat' dir='ltr'>qua</span> 
     </span>
     <span class='ocr_line' id='line_1_3' title="bbox 242 593 1346 686; baseline -0.005 -18"><span class='ocrx_word' id='word_1_11' title='bbox 242 612 361 670; x_wconf 89' lang='lat' dir='ltr'>ratione</span> <span class='ocrx_word' id='word_1_12' title='bbox 395 609 615 686; x_wconf 84' lang='lat' dir='ltr'><strong>explicabimus</strong></span> <span class='ocrx_word' id='word_1_13' title='bbox 647 609 735 684; x_wconf 91' lang='lat' dir='ltr'>quod</span> <span class='ocrx_word' id='word_1_14' title='bbox 756 626 783 670; x_wconf 93' lang='lat' dir='ltr'>v.</span> <span class='ocrx_word' id='word_1_15' title='bbox 811 609 850 666; x_wconf 86' lang='grc'>99</span> <span class='ocrx_word' id='word_1_16' title='bbox 873 605 1096 684; x_wconf 90' lang='lat' dir='ltr'>Adelphasium</span> <span class='ocrx_word' id='word_1_17' title='bbox 1118 604 1194 664; x_wconf 89' lang='lat' dir='ltr'>dicit</span> <span class='ocrx_word' id='word_1_18' title='bbox 1223 593 1346 664; x_wconf 87' lang='lat' dir='ltr'>‘enicas</span> 
     </span>
     <span class='ocr_line' id='line_1_4' title="bbox 243 701 1347 795; baseline -0.007 -15"><span class='ocrx_word' id='word_1_19' title='bbox 243 707 307 780; x_wconf 84' lang='lat' dir='ltr'>me&#39;</span> <span class='ocrx_word' id='word_1_20' title='bbox 330 729 362 778; x_wconf 90' lang='lat' dir='ltr'>et</span> <span class='ocrx_word' id='word_1_21' title='bbox 389 727 537 795; x_wconf 89' lang='lat' dir='ltr'>sequente</span> <span class='ocrx_word' id='word_1_22' title='bbox 560 720 695 776; x_wconf 87' lang='lat' dir='ltr'>eundem</span> <span class='ocrx_word' id='word_1_23' title='bbox 717 717 878 793; x_wconf 83' lang='lat' dir='ltr'>alloquitur</span> <span class='ocrx_word' id='word_1_24' title='bbox 902 701 1077 792; x_wconf 75' lang='lat' dir='ltr'>‘sperate’i</span> <span class='ocrx_word' id='word_1_25' title='bbox 1108 715 1156 774; x_wconf 92' lang='lat' dir='ltr'>vel</span> <span class='ocrx_word' id='word_1_26' title='bbox 1190 715 1347 789; x_wconf 91' lang='lat' dir='ltr'>quomodo</span> 
     </span>
     <span class='ocr_line' id='line_1_5' title="bbox 240 809 1347 904; baseline -0.005 -16"><span class='ocrx_word' id='word_1_27' title='bbox 240 820 361 889; x_wconf 86' lang='lat' dir='ltr'>‘enicas</span> <span class='ocrx_word' id='word_1_28' title='bbox 376 824 438 888; x_wconf 86' lang='lat' dir='ltr'>me‘</span> <span class='ocrx_word' id='word_1_29' title='bbox 457 829 678 904; x_wconf 88' lang='lat' dir='ltr'>coniungemus</span> <span class='ocrx_word' id='word_1_30' title='bbox 691 845 760 886; x_wconf 92' lang='lat' dir='ltr'>cum</span> <span class='ocrx_word' id='word_1_31' title='bbox 773 819 967 903; x_wconf 87' lang='lat' dir='ltr'>‘priusquam</span> <span class='ocrx_word' id='word_1_32' title='bbox 980 836 1011 887; x_wconf 90' lang='lat' dir='ltr'>te</span> <span class='ocrx_word' id='word_1_33' title='bbox 1027 826 1099 886; x_wconf 90' lang='lat' dir='ltr'>mihi</span> <span class='ocrx_word' id='word_1_34' title='bbox 1115 809 1347 900; x_wconf 79' lang='lat' dir='ltr'>desponderit&#39;?</span> 
     </span>
     <span class='ocr_line' id='line_1_6' title="bbox 244 935 1373 1015; baseline -0.01 -18"><span class='ocrx_word' id='word_1_35' title='bbox 244 938 381 997; x_wconf 86' lang='lat' dir='ltr'>Necesse</span> <span class='ocrx_word' id='word_1_36' title='bbox 404 939 494 1015; x_wconf 87' lang='lat' dir='ltr'>igitur</span> <span class='ocrx_word' id='word_1_37' title='bbox 516 947 564 996; x_wconf 91' lang='lat' dir='ltr'>est</span> <span class='ocrx_word' id='word_1_38' title='bbox 587 956 612 998; x_wconf 86' lang='lat' dir='ltr'>v.</span> <span class='ocrx_word' id='word_1_39' title='bbox 629 938 667 997; x_wconf 88' lang='grc'>98</span> <span class='ocrx_word' id='word_1_40' title='bbox 692 938 827 1013; x_wconf 91' lang='lat' dir='ltr'>spurium</span> <span class='ocrx_word' id='word_1_41' title='bbox 849 937 1028 998; x_wconf 88' lang='lat' dir='ltr'>iudicemus.</span> <span class='ocrx_word' id='word_1_42' title='bbox 1060 937 1125 995; x_wconf 90' lang='lat' dir='ltr'>Sed</span> <span class='ocrx_word' id='word_1_43' title='bbox 1138 951 1241 1011; x_wconf 90' lang='lat' dir='ltr'>neque</span> <span class='ocrx_word' id='word_1_44' title='bbox 1263 952 1290 995; x_wconf 88' lang='lat' dir='ltr'>v.</span> <span class='ocrx_word' id='word_1_45' title='bbox 1309 935 1346 992; x_wconf 81' lang='grc'>97</span> <span class='ocrx_word' id='word_1_46' title='bbox 1371 941 1373 946; x_wconf 85' lang='grc'><em>·</em></span> 
     </span>
    </p>

    <p class='ocr_par' dir='ltr' id='par_1_3' title="bbox 244 1039 1414 1120">
     <span class='ocr_line' id='line_1_7' title="bbox 244 1039 1414 1120; baseline -0.006 -14"><span class='ocrx_word' id='word_1_47' title='bbox 244 1049 327 1106; x_wconf 88' lang='lat' dir='ltr'>omni</span> <span class='ocrx_word' id='word_1_48' title='bbox 361 1048 555 1106; x_wconf 86' lang='lat' dir='ltr'>dubitatione</span> <span class='ocrx_word' id='word_1_49' title='bbox 586 1055 684 1105; x_wconf 89' lang='lat' dir='ltr'>caret:</span> <span class='ocrx_word' id='word_1_50' title='bbox 716 1047 778 1104; x_wconf 91' lang='lat' dir='ltr'>iam</span> <span class='ocrx_word' id='word_1_51' title='bbox 801 1044 830 1103; x_wconf 93' lang='lat' dir='ltr'>V</span> <span class='ocrx_word' id='word_1_52' title='bbox 853 1047 880 1120; x_wconf 88' lang='lat'>3,</span> <span class='ocrx_word' id='word_1_53' title='bbox 917 1047 956 1106; x_wconf 87' lang='grc'>38</span> <span class='ocrx_word' id='word_1_54' title='bbox 983 1045 1097 1103; x_wconf 92' lang='lat' dir='ltr'>Hanno</span> <span class='ocrx_word' id='word_1_55' title='bbox 1126 1039 1347 1120; x_wconf 85' lang='lat' dir='ltr'>Adelphasium</span> <span class='ocrx_word' id='word_1_56' title='bbox 1411 1059 1414 1064; x_wconf 89' lang='lat'>·</span> 
     </span>
    </p>
   </div>
   <div class='ocr_carea' id='block_1_3' title="bbox 244 1153 1440 1232">
    <p class='ocr_par' dir='ltr' id='par_1_4' title="bbox 244 1153 1440 1232">
     <span class='ocr_line' id='line_1_8' title="bbox 244 1153 1440 1232; baseline -0.003 -16"><span class='ocrx_word' id='word_1_57' title='bbox 244 1159 315 1216; x_wconf 90' lang='lat' dir='ltr'>licet</span> <span class='ocrx_word' id='word_1_58' title='bbox 348 1159 507 1216; x_wconf 88' lang='lat' dir='ltr'>absentem</span> <span class='ocrx_word' id='word_1_59' title='bbox 541 1159 699 1232; x_wconf 89' lang='lat' dir='ltr'>conceptis</span> <span class='ocrx_word' id='word_1_60' title='bbox 732 1157 830 1214; x_wconf 93' lang='lat' dir='ltr'>verbis</span> <span class='ocrx_word' id='word_1_61' title='bbox 854 1156 1048 1232; x_wconf 87' lang='lat' dir='ltr'>Agorastocli</span> <span class='ocrx_word' id='word_1_62' title='bbox 1080 1154 1262 1231; x_wconf 87' lang='lat' dir='ltr'>despondit:</span> <span class='ocrx_word' id='word_1_63' title='bbox 1298 1153 1348 1228; x_wconf 92' lang='lat' dir='ltr'>qui</span> <span class='ocrx_word' id='word_1_64' title='bbox 1435 1171 1440 1178; x_wconf 90' lang='lat'><em>·</em></span> 
     </span>
    </p>
   </div>
   <div class='ocr_carea' id='block_1_4' title="bbox 243 1254 1353 2892">
    <p class='ocr_par' dir='ltr' id='par_1_5' title="bbox 243 1254 1348 1782">
     <span class='ocr_line' id='line_1_9' title="bbox 244 1254 1346 1344; baseline -0.004 -18"><span class='ocrx_word' id='word_1_65' title='bbox 244 1270 335 1344; x_wconf 87' lang='lat' dir='ltr'>igitur</span> <span class='ocrx_word' id='word_1_66' title='bbox 357 1269 382 1326; x_wconf 91' lang='lat' dir='ltr'>is</span> <span class='ocrx_word' id='word_1_67' title='bbox 405 1267 464 1326; x_wconf 90' lang='lat' dir='ltr'>hoc</span> <span class='ocrx_word' id='word_1_68' title='bbox 488 1283 577 1325; x_wconf 89' lang='lat' dir='ltr'>versu</span> <span class='ocrx_word' id='word_1_69' title='bbox 601 1267 704 1325; x_wconf 87' lang='lat' dir='ltr'>dicere</span> <span class='ocrx_word' id='word_1_70' title='bbox 727 1274 833 1341; x_wconf 88' lang='lat' dir='ltr'>potest</span> <span class='ocrx_word' id='word_1_71' title='bbox 847 1254 1045 1344; x_wconf 78' lang='lat' dir='ltr'>‘priusquam</span> <span class='ocrx_word' id='word_1_72' title='bbox 1068 1273 1099 1324; x_wconf 89' lang='lat' dir='ltr'>te</span> <span class='ocrx_word' id='word_1_73' title='bbox 1119 1265 1192 1324; x_wconf 85' lang='lat' dir='ltr'>milri</span> <span class='ocrx_word' id='word_1_74' title='bbox 1212 1265 1346 1341; x_wconf 87' lang='lat' dir='ltr'>despon-</span> 
     </span>
     <span class='ocr_line' id='line_1_10' title="bbox 245 1364 1347 1452; baseline -0.005 -15"><span class='ocrx_word' id='word_1_75' title='bbox 245 1364 359 1437; x_wconf 79' lang='lat' dir='ltr'>derit&#39;?</span> <span class='ocrx_word' id='word_1_76' title='bbox 410 1376 564 1452; x_wconf 87' lang='lat' dir='ltr'>Equidem</span> <span class='ocrx_word' id='word_1_77' title='bbox 591 1375 651 1434; x_wconf 89' lang='lat' dir='ltr'>hoc</span> <span class='ocrx_word' id='word_1_78' title='bbox 679 1383 798 1434; x_wconf 89' lang='lat' dir='ltr'>tantum</span> <span class='ocrx_word' id='word_1_79' title='bbox 831 1377 925 1434; x_wconf 91' lang='lat' dir='ltr'>modo</span> <span class='ocrx_word' id='word_1_80' title='bbox 958 1393 1102 1435; x_wconf 86' lang='lat' dir='ltr'>scaenam</span> <span class='ocrx_word' id='word_1_81' title='bbox 1131 1383 1269 1434; x_wconf 88' lang='lat' dir='ltr'>nostram</span> <span class='ocrx_word' id='word_1_82' title='bbox 1296 1393 1347 1432; x_wconf 87' lang='lat' dir='ltr'>ex·</span> 
     </span>
     <span class='ocr_line' id='line_1_11' title="bbox 243 1484 1347 1563; baseline -0.005 -17"><span class='ocrx_word' id='word_1_83' title='bbox 243 1488 357 1563; x_wconf 86' lang='lat' dir='ltr'>plicare</span> <span class='ocrx_word' id='word_1_84' title='bbox 378 1503 505 1563; x_wconf 89' lang='lat' dir='ltr'>possum</span> <span class='ocrx_word' id='word_1_85' title='bbox 538 1494 571 1544; x_wconf 88' lang='lat' dir='ltr'>ut</span> <span class='ocrx_word' id='word_1_86' title='bbox 598 1495 630 1544; x_wconf 91' lang='lat' dir='ltr'>et</span> <span class='ocrx_word' id='word_1_87' title='bbox 654 1487 694 1546; x_wconf 88' lang='lat'>98</span> <span class='ocrx_word' id='word_1_88' title='bbox 725 1494 757 1543; x_wconf 89' lang='lat' dir='ltr'>et</span> <span class='ocrx_word' id='word_1_89' title='bbox 780 1487 817 1545; x_wconf 91' lang='grc'>97</span> <span class='ocrx_word' id='word_1_90' title='bbox 849 1485 1010 1560; x_wconf 86' lang='lat' dir='ltr'>expunctis</span> <span class='ocrx_word' id='word_1_91' title='bbox 1040 1494 1113 1562; x_wconf 86' lang='lat' dir='ltr'>post</span> <span class='ocrx_word' id='word_1_92' title='bbox 1140 1503 1167 1544; x_wconf 91' lang='lat' dir='ltr'>v.</span> <span class='ocrx_word' id='word_1_93' title='bbox 1192 1487 1231 1544; x_wconf 84' lang='grc'>96</span> <span class='ocrx_word' id='word_1_94' title='bbox 1254 1484 1347 1543; x_wconf 87' lang='lat' dir='ltr'>Adel·</span> 
     </span>
     <span class='ocr_line' id='line_1_12' title="bbox 243 1595 1348 1672; baseline 0.002 -18"><span class='ocrx_word' id='word_1_95' title='bbox 243 1596 382 1672; x_wconf 88' lang='lat' dir='ltr'>phasium</span> <span class='ocrx_word' id='word_1_96' title='bbox 406 1603 561 1654; x_wconf 84' lang='lat' dir='ltr'>tacentem</span> <span class='ocrx_word' id='word_1_97' title='bbox 576 1596 617 1652; x_wconf 92' lang='lat' dir='ltr'>ad</span> <span class='ocrx_word' id='word_1_98' title='bbox 628 1595 867 1670; x_wconf 87' lang='lat' dir='ltr'>Agorastoclem</span> <span class='ocrx_word' id='word_1_99' title='bbox 886 1612 918 1652; x_wconf 89' lang='lat' dir='ltr'>se</span> <span class='ocrx_word' id='word_1_100' title='bbox 934 1602 1062 1664; x_wconf 89' lang='lat' dir='ltr'>vertere,</span> <span class='ocrx_word' id='word_1_101' title='bbox 1085 1602 1149 1654; x_wconf 88' lang='lat' dir='ltr'>tum</span> <span class='ocrx_word' id='word_1_102' title='bbox 1161 1595 1348 1656; x_wconf 87' lang='lat' dir='ltr'>Hannonem</span> 
     </span>
     <span class='ocr_line' id='line_1_13' title="bbox 244 1706 722 1782; baseline 0.002 -18"><span class='ocrx_word' id='word_1_103' title='bbox 244 1727 270 1770; x_wconf 87' lang='lat' dir='ltr'>v.</span> <span class='ocrx_word' id='word_1_104' title='bbox 294 1709 333 1766; x_wconf 83' lang='lat'>99</span> <span class='ocrx_word' id='word_1_105' title='bbox 358 1706 556 1782; x_wconf 89' lang='lat' dir='ltr'>pronuntiare</span> <span class='ocrx_word' id='word_1_106' title='bbox 579 1713 722 1765; x_wconf 88' lang='lat' dir='ltr'>statuam.</span> 
     </span>
    </p>

    <p class='ocr_par' dir='ltr' id='par_1_6' title="bbox 244 1811 1353 2892">
     <span class='ocr_line' id='line_1_14' title="bbox 345 1811 1347 1891; baseline 0 -19"><span class='ocrx_word' id='word_1_107' title='bbox 345 1815 424 1874; x_wconf 90' lang='lat' dir='ltr'>Tum</span> <span class='ocrx_word' id='word_1_108' title='bbox 449 1817 489 1872; x_wconf 91' lang='lat' dir='ltr'>de</span> <span class='ocrx_word' id='word_1_109' title='bbox 509 1816 569 1872; x_wconf 90' lang='lat' dir='ltr'>fine</span> <span class='ocrx_word' id='word_1_110' title='bbox 592 1833 724 1874; x_wconf 90' lang='lat' dir='ltr'>scaenae</span> <span class='ocrx_word' id='word_1_111' title='bbox 746 1815 807 1872; x_wconf 89' lang='lat' dir='ltr'>iam</span> <span class='ocrx_word' id='word_1_112' title='bbox 830 1815 979 1874; x_wconf 86' lang='lat' dir='ltr'>dubitavit</span> <span class='ocrx_word' id='word_1_113' title='bbox 1000 1814 1231 1874; x_wconf 90' lang='lat' dir='ltr'>Brachmannus</span> <span class='ocrx_word' id='word_1_114' title='bbox 1263 1811 1347 1891; x_wconf 79' lang='lat' dir='ltr'>(pag.</span> 
     </span>
     <span class='ocr_line' id='line_1_15' title="bbox 246 1921 1347 2002; baseline -0.004 -16"><span class='ocrx_word' id='word_1_115' title='bbox 246 1927 284 1986; x_wconf 91' lang='grc'>76</span> <span class='ocrx_word' id='word_1_116' title='bbox 307 1928 379 1986; x_wconf 89' lang='lat' dir='ltr'>adn.</span> <span class='ocrx_word' id='word_1_117' title='bbox 405 1921 444 2001; x_wconf 88' lang='lat'>1).</span> <span class='ocrx_word' id='word_1_118' title='bbox 501 1925 541 1983; x_wconf 91' lang='lat' dir='ltr'>Et</span> <span class='ocrx_word' id='word_1_119' title='bbox 565 1926 729 1985; x_wconf 89' lang='lat' dir='ltr'>molestum</span> <span class='ocrx_word' id='word_1_120' title='bbox 751 1933 799 1983; x_wconf 90' lang='lat' dir='ltr'>est</span> <span class='ocrx_word' id='word_1_121' title='bbox 821 1926 1056 2002; x_wconf 84' lang='lat' dir='ltr'>Agorastoclem</span> <span class='ocrx_word' id='word_1_122' title='bbox 1084 1934 1227 2000; x_wconf 89' lang='lat' dir='ltr'>patruom</span> <span class='ocrx_word' id='word_1_123' title='bbox 1253 1941 1347 2001; x_wconf 92' lang='lat' dir='ltr'>spon·</span> 
     </span>
     <span class='ocr_line' id='line_1_16' title="bbox 244 2009 1347 2110; baseline 0.001 -19"><span class='ocrx_word' id='word_1_124' title='bbox 244 2035 338 2092; x_wconf 87' lang='lat' dir='ltr'>sionis</span> <span class='ocrx_word' id='word_1_125' title='bbox 361 2009 544 2104; x_wconf 41' lang='lat' dir='ltr'>admonere}</span> <span class='ocrx_word' id='word_1_126' title='bbox 575 2052 677 2110; x_wconf 91' lang='lat' dir='ltr'>neque</span> <span class='ocrx_word' id='word_1_127' title='bbox 705 2035 735 2092; x_wconf 95' lang='lat' dir='ltr'>in</span> <span class='ocrx_word' id='word_1_128' title='bbox 757 2042 863 2093; x_wconf 90' lang='lat' dir='ltr'>nostra</span> <span class='ocrx_word' id='word_1_129' title='bbox 896 2034 998 2093; x_wconf 88' lang='lat' dir='ltr'>fabula</span> <span class='ocrx_word' id='word_1_130' title='bbox 1018 2034 1108 2104; x_wconf 89' lang='lat' dir='ltr'>inest,</span> <span class='ocrx_word' id='word_1_131' title='bbox 1137 2035 1221 2110; x_wconf 92' lang='lat' dir='ltr'>quod</span> <span class='ocrx_word' id='word_1_132' title='bbox 1242 2034 1347 2092; x_wconf 90' lang='lat' dir='ltr'>ultimo</span> 
     </span>
     <span class='ocr_line' id='line_1_17' title="bbox 246 2142 1353 2219; baseline 0 -19"><span class='ocrx_word' id='word_1_133' title='bbox 246 2161 335 2202; x_wconf 90' lang='lat' dir='ltr'>versu</span> <span class='ocrx_word' id='word_1_134' title='bbox 359 2144 478 2214; x_wconf 90' lang='lat' dir='ltr'>dicitur,</span> <span class='ocrx_word' id='word_1_135' title='bbox 502 2143 691 2203; x_wconf 90' lang='lat' dir='ltr'>Hannonem</span> <span class='ocrx_word' id='word_1_136' title='bbox 713 2144 907 2219; x_wconf 83' lang='lat' dir='ltr'>Agorastocli</span> <span class='ocrx_word' id='word_1_137' title='bbox 930 2146 1037 2203; x_wconf 91' lang='lat' dir='ltr'>dotem</span> <span class='ocrx_word' id='word_1_138' title='bbox 1059 2143 1244 2219; x_wconf 84' lang='lat' dir='ltr'>promisisse.</span> <span class='ocrx_word' id='word_1_139' title='bbox 1283 2142 1353 2202; x_wconf 79' lang='lat' dir='ltr'>Cir-¹</span> 
     </span>
     <span class='ocr_line' id='line_1_18' title="bbox 246 2252 1348 2330; baseline -0.002 -18"><span class='ocrx_word' id='word_1_140' title='bbox 246 2254 458 2329; x_wconf 88' lang='lat' dir='ltr'>cumspicienti</span> <span class='ocrx_word' id='word_1_141' title='bbox 484 2270 618 2330; x_wconf 91' lang='lat' dir='ltr'>quonam</span> <span class='ocrx_word' id='word_1_142' title='bbox 640 2253 783 2311; x_wconf 89' lang='lat' dir='ltr'>referrem</span> <span class='ocrx_word' id='word_1_143' title='bbox 804 2252 862 2311; x_wconf 90' lang='lat' dir='ltr'>hos</span> <span class='ocrx_word' id='word_1_144' title='bbox 890 2271 993 2329; x_wconf 85' lang='lat' dir='ltr'>versus</span> <span class='ocrx_word' id='word_1_145' title='bbox 1021 2284 1058 2294; x_wconf 88' lang='lat'><em>-</em></span> <span class='ocrx_word' id='word_1_146' title='bbox 1087 2272 1160 2313; x_wconf 88' lang='lat' dir='ltr'>nam</span> <span class='ocrx_word' id='word_1_147' title='bbox 1185 2253 1296 2312; x_wconf 90' lang='lat' dir='ltr'>lacuna</span> <span class='ocrx_word' id='word_1_148' title='bbox 1317 2253 1348 2310; x_wconf 89' lang='lat' dir='ltr'>in</span> 
     </span>
     <span class='ocr_line' id='line_1_19' title="bbox 244 2357 1347 2440; baseline -0.001 -20"><span class='ocrx_word' id='word_1_149' title='bbox 244 2363 295 2421; x_wconf 93' lang='lat' dir='ltr'>illa</span> <span class='ocrx_word' id='word_1_150' title='bbox 318 2363 490 2438; x_wconf 89' lang='lat' dir='ltr'>sponsionis</span> <span class='ocrx_word' id='word_1_151' title='bbox 515 2379 629 2421; x_wconf 88' lang='lat' dir='ltr'>scaena</span> <span class='ocrx_word' id='word_1_152' title='bbox 654 2359 695 2438; x_wconf 82' lang='lat' dir='ltr'>(V</span> <span class='ocrx_word' id='word_1_153' title='bbox 718 2365 746 2436; x_wconf 78' lang='lat'>3,</span> <span class='ocrx_word' id='word_1_154' title='bbox 767 2365 807 2422; x_wconf 87' lang='grc'>37</span> <span class='ocrx_word' id='word_1_155' title='bbox 829 2357 879 2440; x_wconf 89' lang='lat' dir='ltr'>sq)</span> <span class='ocrx_word' id='word_1_156' title='bbox 902 2363 1027 2422; x_wconf 90' lang='lat' dir='ltr'>omnino</span> <span class='ocrx_word' id='word_1_157' title='bbox 1043 2364 1125 2421; x_wconf 90' lang='lat' dir='ltr'>nulla</span> <span class='ocrx_word' id='word_1_158' title='bbox 1147 2370 1251 2421; x_wconf 84' lang='lat' dir='ltr'>est-</span> <span class='ocrx_word' id='word_1_159' title='bbox 1268 2379 1347 2420; x_wconf 89' lang='lat' dir='ltr'>uuus</span> 
     </span>
     <span class='ocr_line' id='line_1_20' title="bbox 245 2471 1349 2548; baseline 0.001 -19"><span class='ocrx_word' id='word_1_160' title='bbox 245 2488 279 2529; x_wconf 88' lang='lat' dir='ltr'>se</span> <span class='ocrx_word' id='word_1_161' title='bbox 312 2472 455 2547; x_wconf 90' lang='lat' dir='ltr'>praebuit</span> <span class='ocrx_word' id='word_1_162' title='bbox 477 2472 562 2530; x_wconf 93' lang='lat' dir='ltr'>locus</span> <span class='ocrx_word' id='word_1_163' title='bbox 586 2471 614 2528; x_wconf 94' lang='lat' dir='ltr'>V</span> <span class='ocrx_word' id='word_1_164' title='bbox 645 2473 757 2540; x_wconf 66' lang='lat'>2119</span> <span class='ocrx_word' id='word_1_165' title='bbox 793 2490 828 2546; x_wconf 93' lang='lat' dir='ltr'>sq</span> <span class='ocrx_word' id='word_1_166' title='bbox 850 2489 910 2547; x_wconf 93' lang='lat' dir='ltr'>quo</span> <span class='ocrx_word' id='word_1_167' title='bbox 933 2471 1061 2548; x_wconf 88' lang='lat' dir='ltr'>Milphio</span> <span class='ocrx_word' id='word_1_168' title='bbox 1083 2471 1271 2532; x_wconf 86' lang='lat' dir='ltr'>Hannonem</span> <span class='ocrx_word' id='word_1_169' title='bbox 1294 2472 1349 2531; x_wconf 92' lang='lat' dir='ltr'>ad·</span> 
     </span>
     <span class='ocr_line' id='line_1_21' title="bbox 245 2581 1349 2659; baseline 0 -21"><span class='ocrx_word' id='word_1_170' title='bbox 245 2589 352 2638; x_wconf 86' lang='lat' dir='ltr'>monet</span> <span class='ocrx_word' id='word_1_171' title='bbox 373 2589 407 2639; x_wconf 89' lang='lat' dir='ltr'>ut</span> <span class='ocrx_word' id='word_1_172' title='bbox 430 2581 625 2655; x_wconf 86' lang='lat' dir='ltr'>Agorastocli</span> <span class='ocrx_word' id='word_1_173' title='bbox 646 2588 777 2657; x_wconf 88' lang='lat' dir='ltr'>patema</span> <span class='ocrx_word' id='word_1_174' title='bbox 792 2583 875 2640; x_wconf 91' lang='lat' dir='ltr'>bona</span> <span class='ocrx_word' id='word_1_175' title='bbox 897 2584 1023 2652; x_wconf 88' lang='lat' dir='ltr'>reddat;</span> <span class='ocrx_word' id='word_1_176' title='bbox 1046 2581 1162 2640; x_wconf 89' lang='lat' dir='ltr'>Hanno</span> <span class='ocrx_word' id='word_1_177' title='bbox 1178 2583 1349 2659; x_wconf 89' lang='lat' dir='ltr'>respondet</span> 
     </span>
     <span class='ocr_line' id='line_1_22' title="bbox 244 2691 1345 2780; baseline 0.003 -33"><span class='ocrx_word' id='word_1_178' title='bbox 244 2691 338 2749; x_wconf 90' lang='lat' dir='ltr'>etiam</span> <span class='ocrx_word' id='word_1_179' title='bbox 360 2708 416 2750; x_wconf 91' lang='lat' dir='ltr'>sua</span> <span class='ocrx_word' id='word_1_180' title='bbox 439 2709 473 2750; x_wconf 93' lang='lat' dir='ltr'>se</span> <span class='ocrx_word' id='word_1_181' title='bbox 495 2692 536 2750; x_wconf 91' lang='lat' dir='ltr'>illi</span> <span class='ocrx_word' id='word_1_182' title='bbox 558 2693 701 2749; x_wconf 81' lang='lat' dir='ltr'>datumm</span> <span class='ocrx_word' id='word_1_183' title='bbox 723 2709 793 2750; x_wconf 90' lang='lat' dir='ltr'>esse</span> <span class='ocrx_word' id='word_1_184' title='bbox 821 2693 846 2750; x_wconf 90' lang='lat' dir='ltr'>si</span> <span class='ocrx_word' id='word_1_185' title='bbox 869 2693 944 2768; x_wconf 92' lang='lat' dir='ltr'>quid</span> <span class='ocrx_word' id='word_1_186' title='bbox 972 2710 1006 2751; x_wconf 87' lang='lat' dir='ltr'>se</span> <span class='ocrx_word' id='word_1_187' title='bbox 1028 2693 1102 2780; x_wconf 80' lang='lat' dir='ltr'>suat.</span> <span class='ocrx_word' id='word_1_188' title='bbox 1159 2691 1220 2764; x_wconf 90' lang='lat' dir='ltr'>Qui</span> <span class='ocrx_word' id='word_1_189' title='bbox 1241 2709 1345 2750; x_wconf 89' lang='lat' dir='ltr'>versus</span> 
     </span>
     <span class='ocr_line' id='line_1_23' title="bbox 244 2791 1347 2892; baseline 0 -36"><span class='ocrx_word' id='word_1_190' title='bbox 244 2791 312 2856; x_wconf 80' lang='lat' dir='ltr'>cum</span> <span class='ocrx_word' id='word_1_191' title='bbox 334 2816 389 2873; x_wconf 91' lang='lat' dir='ltr'>per</span> <span class='ocrx_word' id='word_1_192' title='bbox 418 2815 452 2856; x_wconf 90' lang='lat' dir='ltr'>se</span> <span class='ocrx_word' id='word_1_193' title='bbox 475 2799 549 2856; x_wconf 90' lang='lat' dir='ltr'>satis</span> <span class='ocrx_word' id='word_1_194' title='bbox 573 2799 632 2875; x_wconf 77' lang='lat' dir='ltr'>sint</span> <span class='ocrx_word' id='word_1_195' title='bbox 654 2799 861 2892; x_wconf 29' lang='lat' dir='ltr'>mirabilesfl-</span> <span class='ocrx_word' id='word_1_196' title='bbox 875 2818 948 2858; x_wconf 91' lang='lat' dir='ltr'>nam</span> <span class='ocrx_word' id='word_1_197' title='bbox 962 2817 1082 2858; x_wconf 90' lang='lat' dir='ltr'>servom</span> <span class='ocrx_word' id='word_1_198' title='bbox 1105 2818 1159 2860; x_wconf 92' lang='lat' dir='ltr'>ero</span> <span class='ocrx_word' id='word_1_199' title='bbox 1181 2808 1347 2877; x_wconf 87' lang='lat' dir='ltr'>praesente</span> 
     </span>
    </p>
   </div>
   <div class='ocr_carea' id='block_1_5' title="bbox 245 2906 1347 2983">
    <p class='ocr_par' dir='ltr' id='par_1_7' title="bbox 245 2906 1347 2983">
     <span class='ocr_line' id='line_1_24' title="bbox 245 2906 1347 2983; baseline 0.003 -20"><span class='ocrx_word' id='word_1_200' title='bbox 245 2906 304 2966; x_wconf 94' lang='lat' dir='ltr'>hoc</span> <span class='ocrx_word' id='word_1_201' title='bbox 327 2908 422 2966; x_wconf 93' lang='lat' dir='ltr'>modo</span> <span class='ocrx_word' id='word_1_202' title='bbox 437 2925 507 2964; x_wconf 92' lang='lat' dir='ltr'>cum</span> <span class='ocrx_word' id='word_1_203' title='bbox 529 2907 593 2965; x_wconf 90' lang='lat' dir='ltr'>eius</span> <span class='ocrx_word' id='word_1_204' title='bbox 615 2916 725 2983; x_wconf 91' lang='lat' dir='ltr'>patruo</span> <span class='ocrx_word' id='word_1_205' title='bbox 749 2908 883 2967; x_wconf 89' lang='lat' dir='ltr'>locutum</span> <span class='ocrx_word' id='word_1_206' title='bbox 905 2927 974 2967; x_wconf 89' lang='lat' dir='ltr'>esse</span> <span class='ocrx_word' id='word_1_207' title='bbox 990 2907 1045 2967; x_wconf 69' lang='lat' dir='ltr'>vix&#39;</span> <span class='ocrx_word' id='word_1_208' title='bbox 1061 2911 1155 2968; x_wconf 86' lang='lat' dir='ltr'>credo</span> <span class='ocrx_word' id='word_1_209' title='bbox 1182 2941 1216 2952; x_wconf 90' lang='lat'><em>-</em></span> <span class='ocrx_word' id='word_1_210' title='bbox 1240 2910 1347 2968; x_wconf 91' lang='lat' dir='ltr'>nescio</span> 
     </span>
    </p>
   </div>
   <div class='ocr_carea' id='block_1_6' title="bbox 244 3017 1399 3518">
    <p class='ocr_par' dir='ltr' id='par_1_8' title="bbox 244 3017 1399 3518">
     <span class='ocr_line' id='line_1_25' title="bbox 245 3017 1399 3095; baseline 0.002 -19"><span class='ocrx_word' id='word_1_211' title='bbox 245 3036 285 3076; x_wconf 93' lang='lat' dir='ltr'>an</span> <span class='ocrx_word' id='word_1_212' title='bbox 307 3017 437 3092; x_wconf 90' lang='lat' dir='ltr'>primum</span> <span class='ocrx_word' id='word_1_213' title='bbox 465 3018 523 3093; x_wconf 93' lang='lat' dir='ltr'>ipsi</span> <span class='ocrx_word' id='word_1_214' title='bbox 549 3017 610 3076; x_wconf 92' lang='lat' dir='ltr'>sint</span> <span class='ocrx_word' id='word_1_215' title='bbox 636 3018 778 3094; x_wconf 88' lang='lat' dir='ltr'>appositi,</span> <span class='ocrx_word' id='word_1_216' title='bbox 811 3027 874 3077; x_wconf 92' lang='lat' dir='ltr'>tum</span> <span class='ocrx_word' id='word_1_217' title='bbox 904 3020 943 3077; x_wconf 94' lang='lat' dir='ltr'>ab</span> <span class='ocrx_word' id='word_1_218' title='bbox 967 3019 1025 3078; x_wconf 92' lang='lat' dir='ltr'>alio</span> <span class='ocrx_word' id='word_1_219' title='bbox 1048 3021 1100 3095; x_wconf 95' lang='lat' dir='ltr'>qui</span> <span class='ocrx_word' id='word_1_220' title='bbox 1131 3019 1250 3079; x_wconf 89' lang='lat' dir='ltr'>illorum</span> <span class='ocrx_word' id='word_1_221' title='bbox 1284 3038 1348 3078; x_wconf 92' lang='lat' dir='ltr'>non</span> <span class='ocrx_word' id='word_1_222' title='bbox 1396 3034 1399 3040; x_wconf 85' lang='lat'>·</span> 
     </span>
     <span class='ocr_line' id='line_1_26' title="bbox 245 3126 1348 3204; baseline 0.004 -22"><span class='ocrx_word' id='word_1_223' title='bbox 245 3134 331 3185; x_wconf 88' lang='lat' dir='ltr'>recte</span> <span class='ocrx_word' id='word_1_224' title='bbox 345 3127 527 3191; x_wconf 88' lang='lat' dir='ltr'>meminerat</span> <span class='ocrx_word' id='word_1_225' title='bbox 550 3127 643 3185; x_wconf 88' lang='lat' dir='ltr'>etiam</span> <span class='ocrx_word' id='word_1_226' title='bbox 665 3126 773 3186; x_wconf 87' lang='lat' dir='ltr'>hi108</span> <span class='ocrx_word' id='word_1_227' title='bbox 794 3127 828 3186; x_wconf 84' lang='lat' dir='ltr'>‘et</span> <span class='ocrx_word' id='word_1_228' title='bbox 853 3128 920 3188; x_wconf 87' lang='lat'>109.</span> <span class='ocrx_word' id='word_1_229' title='bbox 956 3127 1044 3200; x_wconf 89' lang='lat' dir='ltr'>Quae</span> <span class='ocrx_word' id='word_1_230' title='bbox 1064 3129 1240 3188; x_wconf 88' lang='lat' dir='ltr'>coniectura</span> <span class='ocrx_word' id='word_1_231' title='bbox 1256 3146 1348 3204; x_wconf 92' lang='lat' dir='ltr'>quam</span> 
     </span>
     <span class='ocr_line' id='line_1_27' title="bbox 246 3235 1347 3312; baseline 0.004 -20"><span class='ocrx_word' id='word_1_232' title='bbox 246 3235 362 3294; x_wconf 89' lang='lat' dir='ltr'>lubrica</span> <span class='ocrx_word' id='word_1_233' title='bbox 392 3236 430 3294; x_wconf 89' lang='lat' dir='ltr'>sit</span> <span class='ocrx_word' id='word_1_234' title='bbox 462 3253 565 3311; x_wconf 91' lang='lat' dir='ltr'>neque</span> <span class='ocrx_word' id='word_1_235' title='bbox 593 3255 644 3294; x_wconf 90' lang='lat' dir='ltr'>me</span> <span class='ocrx_word' id='word_1_236' title='bbox 668 3237 758 3312; x_wconf 86' lang='lat' dir='ltr'>fugit;</span> <span class='ocrx_word' id='word_1_237' title='bbox 793 3253 865 3294; x_wconf 91' lang='lat' dir='ltr'>narn</span> <span class='ocrx_word' id='word_1_238' title='bbox 887 3237 927 3294; x_wconf 94' lang='lat' dir='ltr'>de</span> <span class='ocrx_word' id='word_1_239' title='bbox 961 3253 1094 3296; x_wconf 87' lang='lat' dir='ltr'>scaenae</span> <span class='ocrx_word' id='word_1_240' title='bbox 1117 3238 1146 3295; x_wconf 94' lang='lat' dir='ltr'>V</span> <span class='ocrx_word' id='word_1_241' title='bbox 1168 3240 1186 3298; x_wconf 81' lang='lat'>2</span> <span class='ocrx_word' id='word_1_242' title='bbox 1210 3238 1347 3297; x_wconf 85' lang='lat' dir='ltr'>versibus</span> 
     </span>
     <span class='ocr_line' id='line_1_28' title="bbox 244 3343 1347 3419; baseline 0.005 -18"><span class='ocrx_word' id='word_1_243' title='bbox 244 3343 413 3402; x_wconf 90' lang='lat' dir='ltr'>intricatior</span> <span class='ocrx_word' id='word_1_244' title='bbox 434 3352 482 3402; x_wconf 87' lang='lat' dir='ltr'>est</span> <span class='ocrx_word' id='word_1_245' title='bbox 497 3344 650 3419; x_wconf 93' lang='lat' dir='ltr'>quaestio,</span> <span class='ocrx_word' id='word_1_246' title='bbox 671 3352 796 3404; x_wconf 89' lang='lat' dir='ltr'>nostrae</span> <span class='ocrx_word' id='word_1_247' title='bbox 812 3353 917 3404; x_wconf 90' lang='lat' dir='ltr'>autem</span> <span class='ocrx_word' id='word_1_248' title='bbox 939 3363 1075 3405; x_wconf 89' lang='lat' dir='ltr'>scaenae</span> <span class='ocrx_word' id='word_1_249' title='bbox 1091 3365 1197 3406; x_wconf 85' lang='lat' dir='ltr'>versus</span> <span class='ocrx_word' id='word_1_250' title='bbox 1222 3347 1347 3408; x_wconf 88' lang='lat' dir='ltr'>ultimos</span> 
     </span>
     <span class='ocr_line' id='line_1_29' title="bbox 247 3452 628 3518; baseline 0.013 -8"><span class='ocrx_word' id='word_1_251' title='bbox 247 3453 344 3511; x_wconf 87' lang='lat' dir='ltr'>nolim</span> <span class='ocrx_word' id='word_1_252' title='bbox 364 3453 488 3518; x_wconf 83' lang='lat' dir='ltr'>obtrudi</span> <span class='ocrx_word' id='word_1_253' title='bbox 510 3452 628 3515; x_wconf 89' lang='lat' dir='ltr'>Plauto.</span> 
     </span>
    </p>
   </div>
   <div class='ocr_carea' id='block_1_7' title="bbox 507 3698 1087 3768">
    <p class='ocr_par' dir='ltr' id='par_1_9' title="bbox 507 3698 1087 3768">
     <span class='ocr_line' id='line_1_30' title="bbox 507 3698 1087 3768; baseline 0.009 -5"><span class='ocrx_word' id='word_1_254' title='bbox 507 3699 573 3764; x_wconf 88' lang='lat' dir='ltr'>DE</span> <span class='ocrx_word' id='word_1_255' title='bbox 595 3698 824 3764; x_wconf 89' lang='lat' dir='ltr'>FABULAE</span> <span class='ocrx_word' id='word_1_256' title='bbox 847 3699 1087 3768; x_wconf 87' lang='lat' dir='ltr'>EXiTIBUS.</span> 
     </span>
    </p>
   </div>
   <div class='ocr_carea' id='block_1_8' title="bbox 247 3881 1347 4180">
    <p class='ocr_par' dir='ltr' id='par_1_10' title="bbox 247 3881 1347 4180">
     <span class='ocr_line' id='line_1_31' title="bbox 347 3881 1347 3961; baseline 0.003 -21"><span class='ocrx_word' id='word_1_257' title='bbox 347 3881 396 3940; x_wconf 89' lang='lat' dir='ltr'>De</span> <span class='ocrx_word' id='word_1_258' title='bbox 417 3883 551 3959; x_wconf 90' lang='lat' dir='ltr'>genuino</span> <span class='ocrx_word' id='word_1_259' title='bbox 583 3883 705 3944; x_wconf 83' lang='lat' dir='ltr'>fabulae</span> <span class='ocrx_word' id='word_1_260' title='bbox 738 3892 863 3943; x_wconf 89' lang='lat' dir='ltr'>nostrae</span> <span class='ocrx_word' id='word_1_261' title='bbox 886 3886 969 3944; x_wconf 88' lang='lat' dir='ltr'>exitu</span> <span class='ocrx_word' id='word_1_262' title='bbox 995 3892 1178 3961; x_wconf 88' lang='lat' dir='ltr'>quaerentes</span> <span class='ocrx_word' id='word_1_263' title='bbox 1211 3885 1242 3942; x_wconf 89' lang='lat' dir='ltr'>in</span> <span class='ocrx_word' id='word_1_264' title='bbox 1269 3886 1347 3945; x_wconf 90' lang='lat' dir='ltr'>duas</span> 
     </span>
     <span class='ocr_line' id='line_1_32' title="bbox 247 3993 1346 4071; baseline 0.005 -23"><span class='ocrx_word' id='word_1_265' title='bbox 247 4000 349 4068; x_wconf 91' lang='lat' dir='ltr'>partes</span> <span class='ocrx_word' id='word_1_266' title='bbox 372 3993 582 4051; x_wconf 88' lang='lat' dir='ltr'>discesserunt</span> <span class='ocrx_word' id='word_1_267' title='bbox 605 3994 658 4052; x_wconf 87' lang='lat' dir='ltr'>viri</span> <span class='ocrx_word' id='word_1_268' title='bbox 680 3994 775 4055; x_wconf 88' lang='lat' dir='ltr'>docti.</span> <span class='ocrx_word' id='word_1_269' title='bbox 826 3994 988 4054; x_wconf 89' lang='lat' dir='ltr'>Editorum</span> <span class='ocrx_word' id='word_1_270' title='bbox 1010 3995 1062 4071; x_wconf 92' lang='lat' dir='ltr'>qui</span> <span class='ocrx_word' id='word_1_271' title='bbox 1084 4011 1191 4053; x_wconf 92' lang='lat' dir='ltr'>omnes</span> <span class='ocrx_word' id='word_1_272' title='bbox 1214 3994 1346 4071; x_wconf 89' lang='lat' dir='ltr'>priorem</span> 
     </span>
     <span class='ocr_line' id='line_1_33' title="bbox 248 4101 1345 4180; baseline 0.004 -22"><span class='ocrx_word' id='word_1_273' title='bbox 248 4101 419 4160; x_wconf 86' lang='lat' dir='ltr'>Plautinum</span> <span class='ocrx_word' id='word_1_274' title='bbox 440 4103 592 4178; x_wconf 88' lang='lat' dir='ltr'>putabant</span> <span class='ocrx_word' id='word_1_275' title='bbox 614 4103 800 4160; x_wconf 88' lang='lat' dir='ltr'>sententiam</span> <span class='ocrx_word' id='word_1_276' title='bbox 823 4103 994 4161; x_wconf 89' lang='lat' dir='ltr'>aLomano</span> <span class='ocrx_word' id='word_1_277' title='bbox 1009 4101 1114 4178; x_wconf 91' lang='lat' dir='ltr'>paucis</span> <span class='ocrx_word' id='word_1_278' title='bbox 1137 4111 1345 4180; x_wconf 88' lang='lat' dir='ltr'>oppugnatam</span> 
     </span>
    </p>
   </div>
   <div class='ocr_carea' id='block_1_9' title="bbox 249 4207 1345 4292">
    <p class='ocr_par' dir='ltr' id='par_1_11' title="bbox 249 4207 1345 4292">
     <span class='ocr_line' id='line_1_34' title="bbox 249 4207 1345 4292; baseline 0 -20"><span class='ocrx_word' id='word_1_279' title='bbox 249 4209 345 4289; x_wconf 90' lang='lat' dir='ltr'>(spec.</span> <span class='ocrx_word' id='word_1_280' title='bbox 379 4212 441 4272; x_wconf 90' lang='lat' dir='ltr'>crit.</span> <span class='ocrx_word' id='word_1_281' title='bbox 475 4231 545 4290; x_wconf 87' lang='lat' dir='ltr'>pag.</span> <span class='ocrx_word' id='word_1_282' title='bbox 580 4207 632 4292; x_wconf 84' lang='lat'>57)</span> <span class='ocrx_word' id='word_1_283' title='bbox 672 4212 830 4290; x_wconf 83' lang='lat' dir='ltr'>Hesperus</span> <span class='ocrx_word' id='word_1_284' title='bbox 862 4213 882 4272; x_wconf 97' lang='lat' dir='ltr'>ll</span> <span class='ocrx_word' id='word_1_285' title='bbox 920 4213 1107 4290; x_wconf 88' lang='lat' dir='ltr'>argumentis</span> <span class='ocrx_word' id='word_1_286' title='bbox 1144 4213 1345 4291; x_wconf 88' lang='lat' dir='ltr'>comprobare</span> 
     </span>
    </p>
   </div>
   <div class='ocr_carea' id='block_1_10' title="bbox 0 0 1574 4896">
    <p class='ocr_par' dir='ltr' id='par_1_12' title="bbox 0 0 1574 4896">
     <span class='ocr_line' id='line_1_35' title="bbox 0 0 1574 4896; baseline 0 0"><span class='ocrx_word' id='word_1_287' title='bbox 0 0 1574 4896; x_wconf 95' lang='lat' dir='ltr'> </span> 
     </span>
    </p>
   </div>
  </div>
 </body>
</html>
