3138 4896
740 347 775 400 47

205 524 336 582 clientae
358 520 422 581 noir
444 520 634 580 venerabant
665 521 721 578 sed
744 537 865 596 semper
887 528 1044 580 venerant.
1101 520 1189 593 Quos
1211 521 1305 580 Frau-

205 634 323 691 ckenus
347 632 420 692 fecit
442 631 561 689 iambos
583 631 649 706 ipse
672 634 855 706 concoquat.
891 630 954 688 Sed
978 647 1081 689 versus
1100 640 1207 689 noster
1228 649 1306 688 non·

207 743 282 800 dum
308 742 399 818 plane
427 749 475 799 est
501 748 637 799 sanatus.
673 739 710 798 In
732 739 893 798 codicibus
919 741 1114 799 continuatur
1145 758 1242 816 usque
1264 740 1306 798 ad

204 844 329 920 ‘duas',
364 849 407 908 ite
435 858 469 906 ut
495 849 558 907 duo
584 823 734 906 octonarii
755 848 945 924 anapaestiei
968 856 1144 924 sequantur.
1191 848 1304 907 Nostro
1363 863 1365 868 ·

209 961 307 1018 versui
330 976 408 1017 unus
424 976 479 1034 pes
492 959 591 1028 deest,
615 975 708 1033 quem
721 957 886 1016 Muellerus
909 959 953 1015 ita
967 958 1089 1034 supplet
1108 950 1210 1016 ‘certo
1226 959 1307 1017 enim

212 1069 274 1142 scio
297 1070 383 1146 quod
411 1068 537 1142 quidem
559 1068 601 1125 ad
623 1083 681 1124 nos
704 1051 842 1137 ambas'3
875 1067 1018 1143 equidem
1050 1067 1188 1144 quamvis
1219 1067 1307 1125 dubi·

207 1187 308 1237 tanter
330 1179 477 1235 leniorem
498 1176 654 1234 medelam
674 1176 900 1252 proposuerim:

358 1295 442 1344 certo
465 1286 546 1344 enim
569 1287 654 1362 quod
677 1286 802 1362 quidem
825 1288 867 1344 ad
889 1303 946 1346 nos
969 1288 1047 1346 duas
1070 1287 1187 1377 ambas,

212 1396 278 1456 coll.
303 1395 412 1472 Amph.
437 1396 512 1456 974:

343 1504 420 1562 iam
442 1504 527 1562 hisce
549 1504 641 1562 ambo
664 1512 695 1563 et
716 1522 819 1562 servos
842 1512 875 1562 et
897 1522 949 1564 era
972 1505 1082 1565 frustra
1105 1513 1177 1564 sunt
1200 1507 1274 1564 duo.

210 1613 322 1672 Nescio
354 1632 394 1671 an
430 1614 522 1672 etiam
553 1611 747 1676 Menaechm.
781 1634 808 1673 v.
845 1616 923 1674 1082
957 1623 988 1672 et
1023 1589 1207 1691 1120'apte
1242 1615 1309 1691 quis

214 1697 449 1800 ¹oomperaverit:

409 1832 440 1891 hi
464 1842 535 1892 sunt
557 1833 672 1910 gemini
693 1833 832 1910 germani
856 1835 930 1904 duo,

736 1952 769 2000 et

411 2052 525 2128 gemini
546 2053 639 2110 ambo
662 2068 790 2112 eramus·

202 2187 205 2192 Δ
313 2158 423 2234 Neque
444 2141 537 2218 ineo
564 2178 656 2236 quem
678 2161 899 2238 Adelphasium
921 2163 1092 2238 respondet
1123 2179 1212 2220 versu
1243 2157 1310 2238 (11)

213 2267 353 2326 Muelleri
375 2268 466 2327 lectio
488 2270 606 2345 placet:

256 2375 335 2436 istite
356 2377 459 2437 malim
482 2379 546 2438 aliis
560 2377 604 2438 ita
615 2381 757 2440 videatur
771 2398 864 2457 quam
877 2379 911 2439 irt
932 2389 965 2442 tu
987 2389 1017 2439 te
1032 2397 1118 2442 soror
1132 2379 1311 2441 conlaudes.

213 2485 248 2543 In
271 2487 339 2548 cod.
363 2497 410 2550 est
427 2479 540 2546 ‘malim
564 2473 663 2549 istuc'.
706 2488 770 2547 Sed
792 2488 863 2565 quia
881 2474 1003 2547 ‘velim'
1025 2488 1224 2547 coniunctum
1243 2506 1313 2547 cum

215 2596 410 2654 coniunctivo
433 2598 622 2672 paratactico
644 2597 824 2674 pierumque
847 2597 917 2658 huic
938 2598 1136 2675 postponitur
1156 2605 1251 2673 ¹atque
1273 2615 1313 2655 eo

215 2723 276 2761 uno
291 2706 360 2762 loco
376 2722 438 2781 quo
457 2701 591 2765 ‘malim'
615 2706 673 2765 hac
690 2715 842 2765 structura
860 2707 1004 2767 traditum
1020 2715 1067 2764 est
1079 2705 1174 2765 Poen.
1192 2706 1246 2781 12,
1258 2707 1312 2765 76:

258 2813 301 2871 ita
323 2831 372 2871 me
392 2814 424 2871 di
442 2824 546 2873 ament
568 2823 602 2873 ut
625 2816 676 2874 ilia
696 2834 745 2874 me
766 2825 852 2874 amet
872 2817 974 2875 malim
997 2833 1089 2891 quam
1111 2815 1152 2885 di,
1174 2811 1302 2890 Milphio

216 2923 426 2982 coniunctivus
449 2926 617 3000 praecedit,
651 2927 744 2984 etiam
775 2925 836 2983 hoc
858 2926 927 2984 loco
947 2918 1080 2984 ‘malim’
1101 2930 1174 3000 post
1193 2917 1316 2981 ‘videa-

217 3018 280 3088 tur'
302 3036 564 3110 transponendum
588 3053 656 3093 esse
678 3044 770 3111 puto:

259 3141 337 3199 istuc
360 3143 425 3201 aliis
448 3143 490 3202 ita
511 3145 651 3202 videatur
672 3145 774 3202 malim
793 3163 885 3222 quam
907 3152 940 3202 ut
963 3153 996 3202 tu
1018 3152 1049 3201 te
1072 3142 1259 3210 conlaudem

213 3242 331 3306 ‘soror'
356 3253 450 3309 etiam
472 3253 503 3310 in
525 3273 552 3313 v.
578 3256 617 3312 10
639 3272 732 3330 prave
754 3263 802 3312 est
824 3254 1008 3330 appositum.

671 3511 865 3519 μ’*
