3138 4896
771 370 787 420 7

231 545 262 602 id
286 545 371 621 quod
393 545 502 604 fecisse
523 564 707 622 praeconem
725 565 746 604 e
768 565 794 607 v.
819 549 856 607 16

423 673 483 732 age
504 674 586 734 nunc
609 656 711 715 reside

232 764 313 823 clare
328 764 437 823 elucet.
467 764 538 823 Non
559 759 650 851 uide'o
672 782 726 822 cur
747 782 816 824 cum
828 764 966 841 Liebigio
990 765 1058 841 quis
1075 766 1205 835 dubitet,
1228 776 1329 825 utrum

231 891 263 932 re
285 892 356 932 vera
377 874 455 933 haec
476 875 620 933 allocutio
641 875 802 952 praeconis
834 875 917 934 facta
944 895 985 935 an
1013 877 1190 951 excogitata
1210 886 1330 936 tanturn

231 991 263 1041 et
281 983 351 1040 ficta
366 983 413 1042 sit
447 981 527 1041 Nolo
542 991 577 1040 ut
591 983 775 1042 sententiam
797 1003 898 1043 meam
914 985 1084 1043 suffulciant
1096 1003 1134 1042 eo
1147 995 1328 1060 argumento

232 1090 286 1159 uti,
309 1091 392 1166 quod
414 1091 446 1148 in
467 1090 628 1148 Asinariae
648 1091 776 1167 prologo
799 1093 882 1151 idem
903 1093 1054 1151 invenitur
1075 1110 1163 1152 usus:

310 1219 338 1259 v.
361 1202 381 1259 4
424 1200 490 1258 face
512 1201 655 1259 nunciam
678 1211 711 1260 tu
733 1220 846 1279 praeco
870 1221 993 1262 omnem
1015 1205 1145 1262 auritum
1168 1204 1300 1280 poplum.

424 1327 482 1385 age
504 1326 587 1368 nunc
607 1311 722 1371 reside:
743 1329 817 1370 cave
838 1312 931 1370 modo
954 1329 993 1370 ne
1015 1312 1130 1387 gratiis.

228 1420 275 1478 Ibi
296 1437 419 1495 quoque
440 1419 586 1495 prologus
619 1425 711 1477 antea
738 1427 928 1494 spectatores
954 1428 1057 1478 tacere
1082 1419 1213 1478 iusserat
1241 1437 1268 1479 v.
1295 1422 1328 1478 1:

422 1529 482 1587 hoc
503 1529 586 1605 agite
608 1529 705 1601 sultis,
730 1537 933 1605 spectatores,
955 1529 1107 1589 nunciam.

229 1638 294 1697 Se'd
331 1639 381 1697 hic
419 1639 562 1714 prologus
598 1638 687 1696 variis
723 1638 833 1714 pannis
866 1646 929 1696 tam
962 1638 1055 1696 foede
1089 1646 1137 1695 est
1172 1646 1328 1708 consutus,
1409 1652 1410 1656 ’

230 1755 264 1804 ut
279 1746 417 1805 dubitem
432 1765 504 1805 num
520 1765 654 1822 unquam
677 1748 709 1804 in
730 1764 843 1806 scaena
860 1747 961 1804 dictus
977 1743 1055 1823 sit1).
1086 1747 1213 1805 Poenuli
1227 1755 1329 1806 autem

231 1873 336 1914 versus
351 1858 472 1916 11-15
494 1857 581 1914 alteri
602 1857 703 1914 tribuo
727 1856 850 1925 actioni,
874 1873 935 1932 qua
955 1875 1077 1932 praece,
1101 1873 1163 1915 non
1178 1857 1244 1932 ipse
1259 1875 1329 1931 pro-

230 1967 318 2042 logus
341 1967 489 2043 populum
511 1967 690 2023 audientem
712 1965 837 2024 fecerat.
880 1966 1047 2042 Antiquam
1070 1975 1174 2024 autem
1196 1973 1228 2023 et
1250 1965 1330 2024 hanc

229 2093 299 2134 esse
317 2064 496 2134 ‘audientia'
519 2073 603 2130 verbi
635 2090 707 2132 usus
737 2075 938 2151 demonstrat,
969 2076 1054 2150 quod
1075 2074 1184 2133 Cicero
1207 2093 1329 2152 semper

231 2201 323 2242 sensu
347 2184 469 2260 passivo
492 2192 629 2261 usurpat,
652 2183 711 2241 hoc
734 2183 803 2240 loco
826 2183 926 2241 activo
949 2200 1042 2240 sensu
1064 2185 1199 2264 positum
1220 2194 1267 2242 est
1291 2203 1330 2242 ex

231 2292 373 2368 analogia
395 2300 566 2350 ceterorum
588 2291 749 2349 verborum
772 2293 884 2350 eodem
903 2294 998 2351 modo
1013 2292 1222 2362 formatorum,
1245 2294 1328 2352 velut

231 2401 389 2478 sapientia,
412 2401 559 2460 lubentia.
599 2401 764 2477 Aptissime
787 2401 847 2459 iam
869 2402 1011 2476 procedit
1034 2403 1132 2460 oratio
1155 2421 1181 2462 v.
1206 2405 1244 2463 16

420 2510 536 2569 bonum
558 2509 672 2568 factum
694 2507 795 2584 esse²l
819 2511 924 2569 edicta
945 2520 980 2569 ut
1002 2513 1130 2570 servetis
1151 2531 1231 2582 mea,

230 2624 282 2701 qui
305 2639 411 2681 versus
434 2630 499 2680 arte
521 2622 755 2697 coniungendus
776 2628 824 2679 est
845 2639 914 2679 cum
937 2640 964 2678 v.
987 2625 1021 2682 4:

420 2731 525 2788 audire
547 2730 631 2788 iubet
654 2748 707 2788 vos
730 2730 892 2804 imperator
914 2729 1070 2788 histricus:

229 2845 344 2900 bonurn
367 2841 448 2899 enirn
471 2857 541 2898 esse
565 2839 689 2907 facturn,
720 2847 754 2897 ut
775 2840 900 2899 servetis
929 2857 1000 2898 mea
1026 2839 1130 2898 edicta
1152 2841 1170 2899 i.
1194 2857 1221 2897 e.
1245 2859 1326 2917 quae

231 2969 291 3026 ego
323 2925 415 3006 edico
444 2966 500 3024 pro
533 2947 659 3023 imperio
690 2945 812 3005 histrico
844 2948 894 3022 [cf.
917 2968 944 3008 v.
967 2945 1033 3022 44).
1076 2950 1246 3008 Enumerat
1267 2951 1327 3008 iam

230 3061 374 3136 prologus
403 3058 507 3116 edicta
537 3057 690 3133 quaedam
712 3056 828 3114 domini
850 3057 951 3131 gregis
975 3058 1109 3125 nomine,
1140 3075 1220 3133 quae
1242 3067 1325 3116 certo

230 3186 371 3226 versuum
392 3185 519 3225 numero
542 3185 561 3224 a
583 3174 678 3243 poeta
700 3182 770 3222 esse
792 3166 965 3240 composita
986 3167 1214 3242 perspiciemus
1239 3167 1264 3224 si
1282 3167 1325 3224 ul-

229 3360 427 3370 .---.---

335 3485 361 3550 1)
380 3486 566 3552 Praeterquam
586 3487 657 3550 quod
675 3503 767 3536 versus
783 3486 851 3538 1-3
865 3501 924 3536 cum
937 3485 962 3537 4.
974 3487 989 3536 5
1003 3501 1056 3536 non
1069 3495 1223 3548 congruunt,
1243 3503 1329 3554 neque

228 3585 282 3636 6.7
302 3585 371 3636 et9.
391 3581 421 3632 10
450 3584 573 3650 componi
598 3590 721 3649 possunt:
753 3583 809 3632 illis
836 3589 972 3650 praeterea
999 3583 1181 3646 adiungendus
1201 3591 1242 3634 est
1260 3602 1284 3636 v.
1303 3583 1329 3644 8,

230 3679 275 3744 qui
294 3685 348 3729 arte
367 3695 426 3729 curn
439 3679 472 3727 iis
491 3679 622 3743 cohaeret,
641 3678 689 3727 sed
703 3677 754 3726 nisi
774 3677 868 3728 saltem
887 3677 1013 3727 nonnulla
1031 3673 1064 3726 de
1082 3687 1235 3740 argumento
1250 3695 1329 3746 appo·

229 3781 326 3824 nuntur
344 3791 398 3825 non
415 3773 585 3838 intellegitur,
611 3769 742 3823 his‘hnic
760 3769 863 3824 nomen'
887 3782 913 3824 et
932 3790 999 3840 quae
1020 3782 1152 3835 secuntur,
1182 3777 1244 3842 qnia
1262 3777 1330 3826 haec

228 3872 311 3921 verba
329 3887 387 3921 curn
417 3867 454 3918 'id
473 3863 564 3919 dicam'
595 3869 688 3918 eodem
707 3884 784 3918 versu
802 3869 978 3920 continentur.
1015 3869 1062 3918 Ad
1081 3870 1151 3918 hunc
1170 3869 1250 3933 igitur
1269 3885 1328 3935 pro·

228 3967 320 4030 logum
346 3983 500 4016 revocamur
517 3981 541 4016 v.
557 3963 633 4016 1-3.
647 3963 746 4030 9-16,
763 3981 842 4030 quern
857 3981 997 4031 numquam
1013 3981 1029 4014 a
1040 3981 1173 4032 quoquam
1191 3966 1219 4014 in
1232 3981 1327 4016 scaena

227 4063 423 4131 pronuntiatum
452 4077 510 4112 esse
538 4069 609 4113 recte
639 4044 827 4112 demonstravit
845 4062 975 4112 Daiatzlro
999 4063 1032 4112 de
1055 4063 1172 4128 prologis
1191 4063 1320 4114 Plautinis

229 4167 256 4213 et
271 4161 434 4212 Terentianis
456 4175 514 4226 pag.
534 4159 569 4212 20
589 4166 615 4210 et
634 4159 677 4211 21.

328 4255 355 4326 2)
377 4255 414 4309 sic
433 4257 549 4311 codices.
568 4257 718 4326 Geppertus
737 4255 821 4310 male:
840 4257 940 4310 bouum
957 4256 1048 4312 hercle
1069 4259 1177 4312 tactum.
