3138 4896
737 309 771 362 27

205 483 239 563 (ll
261 467 332 562 pag.
357 482 431 563 254)
453 486 625 563 perspexit:
648 495 681 544 at
703 487 789 563 quod
811 506 837 547 v.
860 489 900 547 38
923 495 956 544 et
978 489 1018 548 39
1041 496 1112 562 post
1133 508 1160 548 v.
1184 491 1224 548 43
1248 505 1303 563 po·

206 597 328 666 nendos
351 613 421 655 esse
444 596 573 666 censuit,
594 595 667 654 mihi
689 615 753 654 non
773 595 936 673 persuasit.
956 626 971 642 =·
991 596 1071 656 Nam
1098 615 1147 655 me
1178 598 1304 674 quidem

204 706 307 764 iudice
330 705 540 780 Agorastoclis
567 707 660 764 verba
685 706 874 764 delenientia
900 657 1009 765 meAus
1038 715 1110 782 post
1133 708 1305 766 orationem

208 816 430 874 advocatorum
453 835 478 872 v.
503 817 638 886 30-37,
662 833 750 874 versu
774 809 812 877 37
834 834 927 894 quam
949 817 1097 876 acerrime
1118 835 1173 894 pro
1196 817 1304 892 horum
1349 815 1351 822 '

206 925 332 1000 quidem
353 923 510 984 hominum
526 933 636 984 natura
658 925 784 997 finitam,
806 926 950 985 dicuntur
971 945 1064 1004 quam
1093 935 1166 1004 post
1187 925 1305 1001 langui·

206 1037 264 1093 dos
282 1035 347 1093 illos
370 1037 410 1096 43
433 1044 466 1094 et
485 1038 535 1095 44.
591 1035 690 1094 Versu
713 1037 754 1096 40
783 1037 825 1094 ad
854 1036 1019 1111 imaginem
1050 1054 1154 1095 versus
1178 1039 1196 1094 4
1217 1055 1305 1094 revo-

208 1163 321 1213 camur,
360 1143 512 1204 inversam
538 1149 663 1222 paulum
694 1163 794 1222 neque
826 1147 856 1204 in
885 1147 1042 1205 meliorem
1069 1154 1203 1222 partem:
1248 1145 1304 1204 Illo

206 1271 295 1312 versu
325 1251 370 1331 (4)
398 1256 617 1332 Agorastocles
649 1257 819 1315 advocatos
848 1222 938 1314 bene⁸
957 1275 1026 1315 cum
1058 1256 1182 1314 corbitis
1215 1257 1305 1314 tarde

205 1365 387 1423 vehentibus
410 1372 642 1439 comparaverat
656 1359 801 1422 adiur(cta
816 1365 999 1442 gradatione
1012 1358 1191 1440 ‘tranquillo
1205 1351 1304 1436 mari',

208 1474 266 1532 hoc
289 1492 380 1551 quem
404 1474 592 1552 ineptissime
615 1473 787 1548 coniungit:
807 1448 949 1549 ‘operam
973 1475 1119 1551 celocem,
1142 1491 1182 1532 ne
1205 1473 1303 1532 corbi·

208 1592 269 1642 tam
291 1585 378 1643 date:
416 1583 604 1660 attrepidate
632 1599 705 1641 nam
731 1600 786 1640 vos
809 1600 1016 1659 approperare
1045 1581 1129 1642 haud
1151 1567 1299 1659 postulo'.

207 1691 336 1752 Celoces
359 1701 575 1769 approperant,
598 1693 734 1752 corbitae
756 1694 954 1769 attrepidant,
985 1712 1011 1754 v.
1035 1691 1126 1767 igitur
1149 1696 1189 1753 40
1211 1693 1303 1769 plane

208 1804 393 1861 contrarium
415 1803 489 1861 dicit
512 1821 549 1861 ac
570 1823 597 1864 v.
615 1806 663 1863 41.
686 1797 761 1861 ‘Sed
776 1811 810 1861 ut
824 1803 922 1860 omnis
937 1803 1078 1878 imaginis
1092 1803 1167 1860 illius
1184 1802 1303 1878 species

210 1921 390 1982 evanescat,
423 1919 581 1987 poetaster
613 1912 662 1970 ille
694 1912 864 1970 advocatos
894 1913 939 1970 ita
967 1911 1192 1987 respondentes
1220 1909 1303 1979 facit,

207 2020 296 2097 quasi
324 2029 358 2078 ut
378 2029 579 2100 properarent
607 2021 822 2097 Agorastocles
850 2019 982 2078 edixerit
1009 2017 1048 2096 (v.
1072 2017 1133 2096 43).
1189 2019 1304 2078 Eiectis

206 2131 296 2206 igitur
317 2131 363 2190 his
387 2131 524 2190 versibus
546 2139 651 2206 aptum
681 2130 903 2189 sententiarum
930 2130 1071 2190 ordinem
1097 2131 1302 2190 restituamus.

659 2311 661 2318 ’
707 2316 752 2375 lIl
775 2321 803 2376 4.

306 2462 425 2538 Aperte
440 2461 571 2520 alienam
585 2479 710 2520 manum
724 2461 755 2519 in
771 2447 907 2520 versibus
932 2461 1020 2520 huius
1037 2480 1170 2520 scaenae
1194 2464 1232 2521 22
1247 2481 1303 2539 sqq

208 2572 467 2647 deprehendimus
490 2572 531 2628 de
554 2572 663 2648 quibus
683 2571 775 2628 miror
788 2570 919 2629 Teuffeli
939 2571 1086 2629 iudicium
1108 2567 1199 2648 (mus,
1218 2572 1303 2633 rhen.

207 2681 282 2740 VIII
302 2699 372 2758 pag.
397 2685 435 2741 35
460 2673 520 2758 sq),
553 2681 606 2756 qui
626 2681 734 2738 horum
756 2698 899 2740 versuum
921 2681 1092 2739 insulsitate
1114 2699 1151 2740 ac
1174 2682 1304 2758 stupidi-

211 2799 274 2848 tate
298 2791 339 2847 ad
363 2785 491 2848 Poenuli
518 2798 616 2849 artem
639 2790 870 2849 diiudicandam
891 2791 993 2851 utitur.
1046 2789 1207 2848 Neminem
1229 2792 1304 2849 effu·

209 2899 349 2977 gietstali
370 2899 499 2959 artificio
522 2898 613 2974 quale
637 2897 684 2956 his
708 2899 844 2956 versibus
873 2898 1055 2975 proponitur
1076 2907 1175 2956 totum
1198 2901 1304 2958 dolum

208 3009 324 3068 destrui
346 3007 417 3066 es'se
438 3008 659 3067 necessarium:
683 3026 755 3066 nam
777 2991 803 3065 si
823 3025 943 3066 servom
965 3026 1035 3066 cum
1057 3009 1200 3066 ducentis
1217 3027 1304 3068 num·

208 3119 265 3176 mis
288 3119 506 3193 Agorastocles
533 3117 662 3195 quaerit,
696 3118 839 3176 lenonem
870 3135 933 3176 non
956 3132 1031 3176 ‘eam
1057 3119 1097 3175 ob
1125 3136 1251 3177 causam
1273 3119 1304 3176 iu

208 3229 256 3287 ius
278 3247 390 3286 vocare
411 3235 525 3304 potest,
549 3228 621 3305 quia
643 3245 712 3286 cum
735 3229 881 3288 trecentis
905 3246 1025 3287 servom
1046 3229 1215 3302 retinuerit.
1264 3228 1305 3285 At

208 3339 233 3395 si
255 3338 491 3412 Agorastoclem
519 3337 601 3396 hunc
630 3339 738 3397 dolum
760 3337 902 3397 callidum
924 3347 1050 3415 putasse
1080 3347 1112 3396 et
1134 3339 1305 3397 advocatos

208 3448 353 3506 annuisse
377 3448 585 3518 concedimus,
618 3449 724 3524 quidni
747 3447 967 3524 Agorastocles
989 3455 1100 3524 postea
1133 3448 1164 3504 iu
1191 3448 1303 3505 lenone

209 3555 395 3632 decipiendo
418 3574 455 3614 eo
478 3553 591 3615 utitur?
614 3558 745 3616 Accedit
761 3558 846 3631 quod
861 3557 1079 3634 Agorastocles
1102 3577 1129 3617 v.
1147 3559 1187 3616 23
1209 3559 1304 3615 advo·

209 3671 295 3724 catos
318 3665 464 3740 singulari
486 3682 613 3723 numero
641 3666 814 3742 alloquitur,
838 3685 908 3724 cum
929 3667 1070 3725 omnibus
1088 3666 1198 3724 ceteris
1214 3665 1303 3724 huius

208 3793 341 3834 scaenae
374 3775 449 3833 locis
471 3776 579 3851 plurali
604 3794 733 3834 numero
761 3785 793 3834 et
817 3777 884 3851 ipse
911 3794 966 3835 eos
996 3776 1168 3853 alloquatur
1206 3785 1237 3834 et
1263 3776 1304 3834 illi

208 3886 420 3962 respondeant
441 3879 493 3962 (ci.
518 3883 683 3944 Clemmius
709 3903 784 3946 mus,
811 3885 897 3944 rhen.
928 3885 1128 3955 Xx111693,
1151 3885 1305 3961 quihanc

208 3993 249 4050 ob
281 4011 407 4051 causam
434 3977 580 4052 ‘censeo'
609 4014 637 4053 v.
673 3995 712 4054 18
745 3994 777 4051 in
799 3987 964 4070 ‘quippIni’
998 3991 1121 4070 mutat).
1181 3992 1305 4053 Certum

208 4102 298 4177 igitur
318 4102 391 4160 mihi
413 4105 534 4162 videtur
558 4104 625 4162 illos
648 4122 753 4162 versus
788 4122 850 4162 una
882 4121 952 4164 cum
973 4123 1000 4168 v.
1028 4107 1067 4166 29
1090 4103 1142 4182 qui
1175 4105 1218 4166 ad
1250 4121 1305 4168 eos

210 4211 335 4290 respicit
355 4221 466 4290 postea
488 4232 558 4276 esse
582 4213 730 4276 adiectos.
