3138 4896
774 290 890 365 43'

705 536 750 594 IV
775 539 804 606 2,
827 535 855 596 6.

330 707 365 764 In
388 706 458 764 cod.
484 712 626 781 corrupta
646 705 751 764 insunt
775 705 881 765 verba:
902 699 1013 764 ‘latere
1035 705 1105 764 forti
1125 690 1230 768 ferro’.

232 798 378 874 Perverse
402 813 579 891 Geppertus
601 815 715 874 edidit:

386 971 388 975 ,
483 923 684 1002 praepeditus
706 922 805 982 latera
828 922 942 1000 forcipe
965 923 1075 994 ferreo,

232 1052 251 1092 a
285 1042 384 1093 metro
423 1040 454 1090 et
495 1049 514 1089 a
554 1032 707 1090 sententia
750 1031 892 1091 alienum.
968 1032 1046 1091 Nam
1082 1049 1236 1091 servorum
1269 1050 1332 1091 non

231 1143 328 1201 latera
360 1144 418 1202 sed
445 1143 543 1218 pedes
567 1142 684 1200 catenis
707 1141 925 1202 circumclusos
960 1142 1054 1202 fuisse
1088 1161 1125 1202 ex
1159 1141 1223 1201 aliis
1257 1142 1331 1202 locis

231 1251 392 1312 discimus:

332 1359 419 1438 Capt
443 1363 501 1424 721
526 1377 598 1438 sqq:
1018 1361 1122 1420 ducite

381 1470 432 1528 ubi
455 1472 648 1547 ponderosas
669 1488 791 1530 crassas
815 1471 917 1548 capiat
938 1472 1124 1547 compedes;

335 1577 428 1636 Persa
449 1581 509 1638 572
533 1596 584 1655 sq:
888 1580 977 1638 nesi
1000 1579 1080 1638 ferro
1102 1580 1233 1656 passeris

381 1688 497 1747 ferreos
520 1689 574 1747 tibi
596 1697 663 1748 tute
685 1689 836 1766 impingas
860 1689 966 1748 videas
989 1706 1110 1748 crassas
1134 1687 1293 1764 compedis

382 1801 457 1860 269:
481 1798 656 1858 verberibus
679 1798 769 1858 caedi
790 1799 921 1870 iusserit,
945 1800 1073 1876 pedicas
1095 1796 1231 1876 impingi.

234 1907 348 1966 Latera
370 1908 459 1984 virgis
481 1909 663 1978 lacerantur,
686 1909 727 1970 ci.
749 1908 864 1971 Bacch.
888 1911 948 1971 780
970 1927 1020 1984 sq:

381 2025 416 2075 ut
437 2026 491 2077 tua
511 2018 572 2076 iam
594 2018 684 2094 virgis
705 2019 802 2077 latera
827 2018 1001 2077 lacerentur
1022 2017 1120 2095 probe

385 2125 576 2204 ferratusque
600 2127 631 2185 in
651 2127 779 2205 pistrino
802 2136 938 2188 aetatem
961 2137 1118 2202 conteras;

331 2235 415 2296 Pers.
439 2237 495 2295 28:
518 2236 588 2292 vide
611 2237 706 2295 modo
729 2237 851 2295 ulmeae
874 2237 1047 2312 catapultae
1069 2244 1154 2294 tuom
1176 2254 1217 2293 ne

877 2337 878 2340 ¹
923 2348 1104 2424 transfigant
1126 2346 1214 2408 latus.

236 2453 277 2514 Hi
300 2455 451 2516 cruciatus
476 2457 632 2516 coniuncti
654 2464 726 2516 sunt
748 2458 831 2518 Pers.
853 2460 907 2517 22:

381 2565 424 2623 lui
445 2566 649 2641 praeferratus
673 2568 757 2642 apud
778 2567 878 2626 molas
902 2567 1040 2624 tribunus
1064 2565 1231 2642 vapularis3

331 2676 407 2736 419:
943 2677 1125 2736 suduculum
1147 2676 1232 2751 flagri

383 2786 579 2863 compedium
602 2787 697 2856 tritor,
720 2787 915 2862 pistrinorum
938 2787 1053 2846 civitas.

332 2894 366 2951 ln
388 2887 511 2952 ‘latere’
543 2896 633 2972 igitur
659 2895 784 2954 verbum
813 2897 914 2954 inesse
943 2896 1046 2954 iudico
1072 2903 1199 2954 catenas
1231 2896 1331 2972 expri-

232 3019 336 3062 mens:
359 3003 475 3062 uullum
496 3005 582 3082 quod
603 3005 729 3082 propius
752 3007 794 3065 ad
816 3006 959 3064 codicum
980 3005 1146 3064 lectionem
1167 3007 1332 3064 accederet

231 3112 334 3170 inveni
356 3130 448 3188 quam
473 3100 617 3176 ‘catulo'.
652 3115 746 3188 Quod
767 3116 893 3175 verbum
915 3132 1102 3192 quamquam
1135 3116 1219 3191 apud
1242 3114 1331 3172 Plau·

233 3228 299 3279 tum
320 3239 383 3280 non
404 3223 463 3281 nisi
487 3224 610 3301 proprio
635 3243 728 3284 sensu
750 3225 909 3295 iuvenitur,
933 3225 971 3286 cf.
994 3225 1079 3286 Asin.
1109 3227 1181 3308 184¹:

636 3342 668 3392 et
690 3353 814 3412 quoque
837 3336 938 3394 catulo
962 3352 1032 3393 meo

541 3443 757 3504 subblanditur
778 3462 875 3504 novos
898 3452 1032 3503 amator:

333 3550 426 3628 Epid.
452 3553 527 3614 579:
550 3549 639 3613 aliter
660 3555 752 3614 catuli
775 3555 865 3630 louge
888 3554 983 3624 olent,
1007 3555 1093 3612 aliter
1117 3572 1197 3614 sues.

335 3662 428 3722 Truc.
439 3662 517 3721 268:
539 3661 601 3720 iam
616 3661 717 3720 hercle
732 3679 791 3738 ego
804 3661 853 3720 hic
869 3671 901 3720 te
921 3662 1028 3720 mulier
1046 3661 1134 3736 quasi
1149 3679 1200 3719 sus

733 3747 853 3830 catulos
874 3772 1007 3848 pedibus
1028 3780 1197 3848 proteram3

232 3889 337 3940 tamen
367 3880 557 3940 deminutiva
600 3881 697 3938 forma
726 3899 820 3939 sensu
858 3881 983 3957 ancipiti
1009 3880 1135 3939 Plautus
1177 3881 1269 3939 utitur
1291 3882 1329 3942 cf.

233 3989 326 4051 Stich.
351 3994 412 4052 620
434 4007 484 4067 sq:

334 4079 484 4174 tantillum
505 4100 565 4159 loci
584 4100 638 4159 'ubi
661 4100 788 4160 catellus
811 4101 904 4160 cubet
925 4101 959 4160 id
980 4101 1055 4160 satis
1080 4099 1136 4158 erit
1157 4099 1244 4159 mihi:

334 4212 470 4271 exorabo
497 4211 599 4288 aliquo
621 4211 717 4271 modo
732 4211 810 4271 veni.
843 4207 973 4270 hucine?
995 4212 1088 4272 immo
1109 4211 1142 4270 iu
1164 4226 1328 4272 carcerem.
