3138 4896
595 889 735 949 cucur
758 887 931 949 emuuu.

455 1037 527 1110 DE
554 1035 781 1110 POENULI
806 1033 1070 1110 PROLOGO.

317 1210 443 1268 Poenuli
464 1210 632 1286 prologum,
654 1219 818 1287 postquam
841 1210 1026 1268 Ritschelius
1048 1209 1079 1267 in
1100 1210 1236 1286 parergis
1260 1228 1314 1268 eos

217 1337 318 1377 versus
331 1320 439 1394 quibus
455 1319 601 1378 subsellia
616 1319 726 1377 theatri
743 1327 1019 1378 commemorantur
1029 1318 1189 1384 Plautinae
1203 1318 1315 1377 aetatis

216 1445 278 1486 non
301 1445 369 1486 esse
392 1429 561 1487 luculenter
584 1430 814 1499 demonstravit,
848 1447 929 1487 nunc
959 1447 1066 1488 omnes
1090 1429 1144 1487 viri
1166 1427 1252 1486 docti
1274 1429 1315 1486 ad

217 1537 317 1595 Plauti
339 1545 470 1595 aetatem
493 1555 556 1594 non
578 1539 726 1595 recedere
753 1538 959 1596 consentiunt.
1004 1536 1097 1596 Pauci
1120 1538 1242 1596 suerunt
1264 1537 1315 1614 qui

216 1625 387 1704 accuratius
403 1644 536 1720 singulas
559 1646 625 1703 eius
647 1629 750 1722 partes
773 1647 998 1703 examinarent:
1022 1647 1236 1721 quaestionem
1250 1665 1313 1704 non

215 1753 303 1811 nimis
334 1753 394 1811 a'cri
417 1755 517 1812 studio
547 1761 709 1812 tractatam
731 1773 749 1811 a
772 1755 910 1829 Liebigio
933 1751 986 1831 (de
1009 1755 1143 1831 prologis
1167 1753 1314 1813 Plautinis

216 1869 248 1920 et
272 1861 479 1936 Terentianis)
502 1843 618 1921 felicius
638 1863 730 1920 subiit
751 1863 909 1940 Hasperus
932 1861 986 1940 (de
1008 1856 1134 1922 Poenuli
1155 1864 1315 1922 Plautinae

217 1971 330 2048 duplici
357 1973 438 2029 exitu
463 1989 533 2050 pag.
557 1965 626 2052 28);
659 1989 759 2050 pauca
793 1973 930 2032 adiunxit
963 1973 999 2034 O.
1022 1973 1186 2050 Seyffertus
1221 1969 1313 2048 (stud.

217 2079 312 2141 Plaut.
339 2099 368 2157 p.
395 2077 455 2153 11).
497 2083 606 2157 Itaque
635 2083 696 2141 iam
723 2100 813 2158 quam
840 2081 870 2139 hi
898 2083 951 2140 viri
977 2084 1059 2141 docti
1086 2082 1213 2159 ingressi
1243 2094 1316 2141 sunt

217 2191 296 2248 viam
318 2191 470 2265 persecuti
492 2195 592 2248 totum
606 2194 765 2268 prologum
779 2201 1011 2270 pertractemus
1034 2210 1103 2250 cum
1125 2192 1198 2250 inde
1220 2191 1314 2268 ipsius

217 2315 339 2374 quoque
370 2294 493 2356 fabulae
531 2299 746 2358 condicionem
779 2317 836 2358 nos
870 2285 981 2358 melius¹
1010 2299 1217 2358 intellecturos
1251 2300 1315 2359 iore

217 2425 287 2486 spes
314 2410 361 2467 sit.
409 2426 413 2434 ·

316 2519 419 2593 Atque
445 2509 574 2596 primum
606 2518 767 2594 prologum
793 2517 875 2577 hunc
899 2536 916 2574 e
940 2517 1060 2577 duabus
1090 2493 1227 2594 partibus
1261 2538 1316 2595 per

216 2649 242 2690 v.
266 2629 390 2689 46-58
423 2629 526 2687 leviter
548 2629 628 2686 inter
658 2625 691 2686 s'e
721 2630 845 2688 conexis
870 2637 1011 2687 constare
1033 2628 1189 2687 neminem
1210 2619 1315 2707 potest

217 2739 338 2815 fugere:
351 2755 479 2814 quarum
490 2739 642 2814 posterior
653 2741 824 2814 argumenti
836 2739 1062 2798 enarrationem
1074 2739 1220 2810 continet,
1233 2740 1315 2816 prior

216 2849 318 2906 edicta
340 2850 495 2923 quaedam
516 2848 697 2907 histrionum
720 2849 843 2908 domini.
886 2848 949 2906 Iam
978 2849 1064 2906 initio
1095 2849 1314 2908 sententiarum

216 2976 311 3016 nexus
327 2958 437 3016 misere
459 2935 626 3033 corruptus=
636 2965 683 3014 est
703 2976 730 3017 v.
744 2958 848 3016 5-10
865 2957 992 3027 iniectis,
1015 2975 1093 3033 quos
1117 2958 1145 3014 ei
1167 2957 1237 3016 loco
1253 2977 1312 3034 quo

215 3069 246 3125 in
269 3069 426 3126 codicibus
450 3067 552 3124 traditi
575 3076 647 3124 sunt
662 3076 751 3142 aptos
772 3085 835 3125 non
858 3085 926 3125 esse
943 3075 1026 3125 recte
1041 3066 1116 3124 vidit
1128 3064 1313 3142 Geppertus‚

215 3196 273 3235 nec
304 3179 371 3253 ipse
393 3179 423 3235 in
446 3195 550 3234 verum
579 3177 719 3237 restituit.
763 3173 842 3248 Nam
864 3185 936 3253 post
958 3197 984 3234 v.
1010 3179 1048 3237 16
1067 3164 1185 3233 ‘edicta
1207 3182 1240 3231 ut
1252 3192 1314 3232 ser·

216 3284 293 3340 vetis
314 3279 393 3342 mea'
425 3303 495 3343 cum
517 3285 584 3359 ipsa
613 3284 717 3342 edicta
738 3285 908 3341 enumerari
937 3292 1089 3361 oporteat,
1119 3277 1194 3358 ‘que'
1222 3284 1313 3359 parti-

217 3394 304 3451 culae
325 3394 356 3451 in
377 3395 474 3468 primo
499 3394 670 3451 edictorum
694 3411 782 3451 versu
798 3411 861 3450 non
884 3401 931 3450 est
946 3394 1040 3452 locus.
1070 3393 1178 3469 Itaque
1194 3394 1313 3452 omissis

216 3506 368 3580 paulisper
393 3503 440 3562 his
475 3504 611 3562 versibus
645 3505 865 3562 sententiarum
893 3505 1033 3560 ordinem
1063 3503 1313 3580 contemplemur.

216 3613 363 3688 Prologus
397 3613 513 3671 initium
548 3614 629 3690 capit
658 3632 676 3670 a
705 3613 842 3670 versibus
880 3612 1043 3670 Aristarchi
1074 3612 1181 3688 tragici
1212 3608 1313 3687 (cuius

213 3711 385 3778 ‘Achillem'
407 3721 525 3780 Ennius
548 3724 636 3780 vertit
659 3723 696 3784 cf.
720 3723 829 3780 Festus
852 3742 921 3799 pag.
935 3718 1066 3794 242M),
1089 3723 1196 3797 quibus
1216 3739 1314 3798 popu·

215 3833 274 3888 lum
297 3839 331 3887 ut
353 3831 409 3887 sibi
442 3833 576 3888 animum
597 3832 739 3889 advertat
761 3832 950 3890 adhortetur.
996 3827 1074 3887 Cum
1101 3829 1147 3886 his
1177 3829 1313 3887 versibus

215 3939 357 4013 coniungi
381 3957 443 3996 non
466 3948 595 4015 possunt
615 3957 697 4014 quae
718 3959 744 4000 v.
768 3942 806 3998 11
831 3957 866 4014 sq
889 3917 1048 3998 secuntur:

403 4066 542 4123 exsurge,
565 4065 685 4125 praeco,
708 4049 757 4107 fac
779 4049 894 4126 populo
919 4047 1107 4106 audientiam

407 4175 516 4217 exerce
538 4175 655 4228 vocem,
