3138 4896
792 307 894 378 so‘

300 519 327 565 v.
352 501 392 564 10
414 501 549 578 equitem
580 477 722 578 peditem·
751 473 925 560 libertinum
952 473 1050 560 iurem
1074 473 1145 580 aei)
1178 467 1338 587 fugitiuum

1190 614 1276 672 vides

304 706 331 782 y.
357 723 394 780 11
419 717 612 787 verberatum
634 721 771 780 vinctum
798 721 970 792 addIctum3
993 721 1044 798 qui
1065 721 1160 781 habet
1182 726 1268 799 quod
1284 725 1338 783 det

1060 839 1129 889 utut
1149 831 1274 891 homost

304 957 332 996 v.
357 939 396 998 12
419 937 520 997 omnia
543 955 660 1014 genera
680 938 868 1015 recipiuntur
890 957 953 1016 eqs.

359 1047 501 1123 Sequitur
519 1056 584 1105 tum
607 1064 720 1106 scaena
751 1046 849 1124 qualis
872 1047 982 1107 Plauto
1005 1051 1035 1108 in
1058 1051 1175 1109 deliciis
1198 1051 1269 1111 fuit:
1292 1051 1363 1110 Mil-

258 1157 331 1234 phio
364 1157 579 1234 Syncerastum
611 1157 751 1237 retinere,
786 1157 836 1216 hic
862 1159 985 1218 vasibus
1018 1159 1111 1218 sacris
1145 1169 1272 1218 onustus
1303 1163 1360 1220 do-

258 1283 341 1325 mum
364 1267 553 1324 contendere
575 1268 698 1337 studet;
720 1267 847 1326 tandem
871 1267 1070 1344 Syncerastus
1092 1278 1126 1328 ut
1148 1279 1273 1329 maneat
1294 1289 1360 1328 mo·

259 1383 346 1433 vetur
372 1384 466 1450 atque
488 1393 556 1434 cum
578 1375 747 1453 Milphione
768 1377 858 1435 facile
880 1396 974 1454 posse
997 1380 1060 1437 lieri
1096 1389 1131 1438 ut
1161 1388 1268 1457 pereat
1289 1381 1358 1438 leno

260 1484 467 1544 communicat
489 1481 592 1562 (versu
613 1484 678 1559 43).
709 1485 932 1562 Exspectamus
955 1487 1130 1564 posthunc
1152 1507 1273 1548 versum
1292 1487 1360 1548 Mil-

258 1594 404 1671 pbionem
422 1596 546 1654 summis
569 1595 679 1672 opibus
702 1595 862 1655 enixurum
884 1606 918 1656 ut
944 1597 1025 1656 illam
1057 1599 1175 1658 lenonis
1208 1601 1359 1676 perdendi

259 1705 339 1762 viam
361 1724 379 1762 e
402 1703 586 1781 Syncerasto
613 1707 789 1781 comperiat,
823 1715 857 1765 at
877 1725 903 1767 v.
926 1710 967 1768 44
1000 1707 1091 1784 plane
1116 1709 1177 1768 alio
1199 1709 1358 1769 trahimur:

258 1816 355 1874 malos
377 1833 412 1873 se
434 1797 505 1874 esse
527 1815 589 1874 duo
612 1793 690 1873 servi
716 1816 795 1875 inter
817 1812 852 1874 'se
875 1817 1078 1887 contendunt,
1111 1820 1197 1893 quod
1219 1821 1260 1877 de
1284 1819 1359 1895 Syn·

260 1919 416 2000 cerasto2)
437 1925 498 1984 iam
521 1943 547 1987 v.
563 1928 604 1985 34
620 1926 800 1989 audivimus.
836 1925 920 1998 Quid
935 1901 1020 2004 quod
1041 1947 1081 1985 ne
1103 1929 1134 1986 hi
1155 1929 1213 2004 ipsi
1235 1930 1359 2005 quidem

260 2053 365 2094 versus
388 2045 462 2112 apto
494 2053 587 2094 sensu
620 2035 699 2094 inter
729 2055 763 2095 se
786 2033 1009 2096 conectuntur?
1051 2036 1247 2116 ‘Quamquam
1279 2039 1360 2096 enim

213 2173 215 2178 ·
260 2143 386 2222 Milphio
407 2163 434 2206 v.
457 2147 498 2205 44
521 2147 671 2221 quaesivit
699 2122 877 2206 ‘num'esse
900 2147 987 2206 aliter
1009 2133 1140 2217 decet?',
1173 2148 1238 2206 iure
1270 2147 1361 2224 igitur

261 2253 444 2329 Syncerasto
467 2253 552 2328 apud
574 2253 691 2331 Lycum
712 2255 792 2313 male
814 2273 884 2314 esse
906 2251 992 2326 dixit,
1021 2274 1108 2314 versu
1131 2229 1282 2342 sequente
1306 2257 1361 2314 de·

363 2497 389 2566 1)
409 2497 492 2548 iurem
503 2514 532 2548 ac
546 2497 685 2561 fugitivom
700 2495 793 2564 scripsi
811 2514 869 2548 cum
882 2499 1024 2566 Gepperto.
1052 2493 1180 2552 cod.‘ad.’
1201 2497 1360 2549 Muellerum

259 2594 342 2661 (pros.
356 2609 416 2661 pag.
429 2594 482 2646 346
501 2593 561 2647 adn.
574 2593 602 2660 2)
622 2601 667 2644 aut
685 2589 742 2644 ‘ad'
764 2595 966 2661 expungendum
988 2595 1084 2646 autad
1103 2595 1192 2670 omnia
1210 2597 1291 2646 verba
1308 2589 1358 2645 ‘an’

260 2692 456 2756 adiungendum
485 2693 714 2742 esse'censeutem
732 2705 787 2742 non
808 2699 876 2742 recte
894 2691 1011 2742 iudicare
1030 2693 1104 2758 pisto.
1140 2667 1209 2742 Nam
1227 2692 1312 2742 furem
1330 2705 1360 2742 ac

259 2789 397 2852 fugitivom
414 2788 505 2838 iocose
522 2789 601 2838 unam
620 2767 763 2848 notionem,
784 2803 888 2838 servom
908 2788 1017 2856 scilicet,
1038 2788 1142 2839 efficere
1162 2796 1188 2839 et
1206 2789 1301 2839 comici
1314 2789 1362 2838 do·

260 2893 321 2938 cent
337 2891 364 2936 et
381 2887 439 2936 iure
456 2883 582 2946 consulti,
600 2885 634 2937 ci.
647 2884 702 2937 Cic.
722 2885 757 2934 de
770 2885 815 2938 off.
831 2885 934 2937 11171:
954 2900 1003 2936 nec
1021 2901 1085 2936 vero
1098 2885 1127 2936 in
1137 2885 1254 2952 praediis
1273 2885 1361 2936 solum

258 2983 301 3034 ius
320 2980 398 3033 civile
417 2982 526 3032 ductum
544 2997 560 3032 a
578 2989 669 3034 natura
686 2981 813 3034 malitiam
832 2982 1003 3048 fraudemque
1021 2982 1145 3042 vindicat,
1168 2981 1216 3032 sed
1235 2982 1314 3034 etiam
1332 2983 1362 3032 in

258 3080 450 3146 mancipiorum
479 3078 632 3130 venditione
650 3079 723 3130 trans
741 3078 889 3129 venditoris
915 3078 999 3130 omnis
1026 3077 1187 3138 excluditur;
1215 3079 1262 3146 qui
1290 3079 1361 3130 enim

261 3175 329 3225 scire
348 3175 442 3226 debuit
459 3176 494 3225 de
513 3175 633 3236 sanitate,
663 3176 786 3239 defuga,
815 3175 848 3225 de
867 3175 953 3238 furtis,
983 3180 1100 3242 praestat
1119 3175 1207 3225 edicto
1227 3173 1359 3228 aedilium.

259 3271 356 3337 digest.
374 3273 448 3322 XXI
469 3273 492 3333 1,
513 3273 526 3324 1
558 3270 599 3341 (ex
617 3269 759 3340 leiano):
783 3271 854 3322 aiunt
878 3271 991 3324 aediles:
1020 3272 1066 3338 qui
1090 3272 1222 3338 mancipia
1244 3273 1361 3326 vendunt

260 3368 384 3420 certiores
404 3369 502 3420 saciant
519 3376 656 3436 emptores,
677 3369 741 3436 quid
758 3367 843 3419 morbi
858 3368 966 3435 vitiique
987 3368 1081 3435 cuique
1101 3367 1142 3429 sit,
1162 3370 1221 3436 quis
1235 3369 1359 3432 fugitivos

259 3482 351 3517 errove
370 3467 412 3518 sit.
431 3467 460 3516 H
481 3467 522 3533 14,
541 3467 576 3518 60
595 3465 637 3532 (ex
648 3465 712 3533 le.
726 3466 753 3519 ’1.
772 3464 807 3517 42
827 3465 861 3516 ad
873 3462 1024 3533 Sabinum):
1044 3481 1098 3516 non
1116 3466 1282 3533 impossibile
1293 3471 1359 3533 puto

260 3563 288 3614 in
307 3563 485 3614 contractibus
504 3563 629 3630 depositi,
656 3562 816 3614 commodati
842 3569 869 3613 et
895 3560 978 3612 locati
1007 3569 1034 3612 et
1060 3563 1140 3613 ceteri
1160 3561 1291 3614 similibus
1309 3561 1360 3613 hoc
1386 3583 1388 3588 ·

260 3667 376 3728 pactum:
396 3676 429 3710 ne
443 3660 524 3710 iacias
543 3661 627 3710 iurem
645 3660 686 3710 vel
707 3653 846 3723 fugitivom
865 3673 970 3708 servom
982 3673 1080 3718 menm;
1097 3659 1130 3712 ci.
1142 3665 1280 3726 praeterea
1292 3673 1361 3726 quae

262 3757 391 3808 Brunsius
411 3756 522 3821 collegit
542 3757 608 3808 font.
627 3757 675 3808 iur.
693 3757 775 3809 Rom.
794 3770 854 3822 pag.
879 3755 944 3810 186:
966 3771 1026 3808 eum
1043 3771 1263 3822 puerumsanum
1282 3754 1362 3806 tradi·

260 3860 315 3904 tum
334 3869 402 3914 esse,
428 3853 505 3904 furtis
524 3868 645 3918 noxaque
664 3852 789 3919 solutum,
819 3867 941 3904 erronem
959 3849 1132 3918 iugitilvlum
1160 3853 1288 3903 caducum
1305 3867 1360 3902 non

261 3966 331 4010 esse;
358 3965 418 4017 pag.
442 3949 491 4001 187
511 3950 583 4000 idem
601 3949 635 3999 de
653 3948 845 4015 puellaserva.
875 3950 967 4014 Itaque
991 3942 1037 3998 ‘ac'
1063 3949 1231 4004 retineamus.
1267 3951 1299 3999 In
1319 3964 1360 3999 se·

263 4054 361 4114 queute
378 4062 457 4100 versu
470 4046 598 4112 Gepperti
615 4046 696 4096 colon
714 4053 776 4114 post
794 4025 994 4098 'utut'homost’
1016 4044 1132 4111 positum
1153 4045 1241 4096 deleo.

276 4145 279 4153 '
352 4143 388 4210 ¹2)
408 4143 441 4194 ci.
453 4141 564 4194 Becker.
584 4141 617 4192 de
629 4140 731 4208 syntaxi
740 4141 975 4205 interrogationum
993 4136 1160 4206 obliquorum
1174 4141 1244 4208 apud
1256 4116 1360 4210 priscos

261 4239 402 4306 scriptores
420 4239 531 4290 Latinos
550 4239 577 4288 in
595 4238 670 4292 Stud.
691 4239 760 4292 stud.
779 4241 792 4288 1
810 4254 870 4305 pag.
892 4237 943 4290 238
962 4237 1022 4290 adn.
1042 4235 1067 4290 3.
1353 4231 1356 4242 ’
