3138 4896
754 353 790 407 ’33

321 529 392 589 Non
413 531 503 606 plane
526 528 610 587 idem
632 548 669 589 ac
697 531 737 588 de
760 532 1017 607 quo'quaerimus
1040 551 1149 594 sensus
1171 535 1321 595 invenitur

220 641 251 698 in
286 639 413 700 Catonis
448 640 523 718 orig,
548 643 598 708 13,
622 644 640 701 6
662 641 677 698 Ι
699 640 751 714 (=
776 645 825 719 69,
850 647 865 702 1
891 641 955 718 P.):
986 645 1058 721 quia
1079 646 1105 703 is
1127 646 1211 704 locus
1234 665 1321 704 mon-

221 751 300 810 tibus
323 757 470 826 praestet,
494 748 661 807 Praeneste
683 751 800 827 oppido
822 769 936 809 nomen
958 754 1058 828 dedit3

222 860 282 920 alio
304 877 397 918 sensu
418 858 514 920 Naev.
537 859 595 917 109
619 851 765 937 (R.112):

661 970 711 1046 qui
732 972 817 1046 apud
838 979 948 1046 gentes
970 973 1053 1032 solus
1075 983 1221 1050 praestat.

223 1081 337 1140 Primus
369 1088 520 1155 quantum
550 1079 614 1138 scio
644 1077 754 1138 Cicero
785 1079 868 1141 Brut.
893 1082 934 1140 64
961 1077 1027 1156 (qui
1059 1082 1143 1140 locus
1178 1101 1257 1140 unus
1291 1084 1322 1141 in

222 1191 324 1248 lexicis
355 1188 502 1263 adfertur)
538 1189 629 1248 dixit:
665 1207 738 1246 suos
772 1189 851 1246 inter
874 1189 1019 1267 aequales
1049 1193 1140 1266 longe
1161 1193 1321 1268 praestitit.

222 1299 293 1356 Hoc
313 1299 404 1374 igitur
425 1306 563 1373 tempore
585 1297 712 1372 primum
742 1307 777 1356 ut
799 1299 947 1356 excellere
955 1293 981 1378 ¹)
1004 1301 1127 1358 verbum
1159 1302 1203 1358 sic
1229 1302 1323 1359 etiam

224 1415 380 1483 praestare
402 1407 460 1465 hac
482 1415 633 1464 structura
655 1416 835 1483 usurpatum
857 1426 925 1466 esse
955 1409 1067 1470 iudico.
1119 1399 1323 1468 ¹Grammatici

224 1517 309 1574 latIni
332 1517 444 1574 nullam
466 1517 556 1574 aliam
580 1525 761 1576 structuram
784 1519 842 1576 nisi
870 1537 939 1576 cum
961 1521 1065 1577 dativo
1095 1528 1126 1576 et
1147 1489 1322 1578 accusativo

225 1635 337 1684 norunt
364 1626 402 1685 ci.
429 1626 599 1684 Diomedes
633 1626 688 1684 GL
716 1626 822 1702 1313,
845 1627 863 1687 9
887 1629 930 1685 K:
959 1637 1070 1686 anteco
1092 1629 1132 1687 illi
1153 1639 1185 1686 et
1199 1637 1323 1705 praesto

224 1736 265 1792 illi
288 1737 393 1794 dativo
416 1754 490 1793 casu
513 1737 650 1805 dicimus,
673 1745 707 1794 ut
730 1735 839 1795 Cicero
859 1725 929 1812 ‘qui
951 1739 1091 1796 omnibus
1113 1739 1324 1815 intellegentia

226 1840 379 1904 anteibat'
396 1891 403 1904 .
420 1889 451 1906 ..
476 1855 507 1903 et
529 1845 690 1904 Sallustius
709 1835 884 1922 ‘praestare
905 1848 1015 1905 ceteris
1039 1845 1243 1918 animalibus’,
1267 1850 1323 1906 sed

225 1965 258 2013 et
295 1956 471 2013 accusativo
503 1954 725 2030 Vergilius...
758 1963 829 2012 ante
866 1956 949 2013 illum
981 1957 1155 2025 Terentius,
1196 1956 1324 2015 Plautus

226 2065 282 2138 (sc.
306 2065 447 2139 anteire).
494 2065 509 2122 Ι
532 2068 602 2134 319,
627 2069 657 2124 l:
691 2073 815 2141 praesto
846 2066 987 2123 omnibus
1015 2075 1047 2124 et
1077 2085 1184 2125 omnes
1217 2067 1325 2124 melior

227 2192 304 2242 snm,
326 2181 449 2248 praesto
471 2181 575 2231 autem
598 2174 651 2231 tibi
683 2175 817 2249 praebeo
844 2174 907 2233 tibi.
941 2173 1033 2235 Prisc.
1057 2175 1112 2233 GL
1132 2175 1176 2233 III
1195 2177 1265 2246 352,
1290 2179 1321 2236 6:

227 2299 284 2339 nos
306 2298 430 2358 quoque
452 2291 575 2358 praesto
600 2292 631 2341 te
653 2290 684 2340 et
705 2284 776 2342 tibi..
1051 2275 1057 2287 ’

265 2523 268 2530 “
329 2523 356 2592 l)
374 2525 525 2588 Draegerus
544 2525 592 2575 ubi
611 2525 644 2575 de
663 2524 705 2575 his
718 2526 806 2576 verbis
826 2526 880 2588 agit
907 2483 986 2592 (synt,
1004 2521 1030 2576 12
1047 2541 1108 2594 pag.
1124 2525 1175 2576 379
1188 2523 1231 2591 sq)
1249 2525 1324 2592 Seyf-

226 2622 286 2672 ferti
305 2621 433 2671 iudicium
454 2620 574 2686 sequitur
593 2619 638 2686 (cl.
659 2622 716 2672 eius
735 2628 869 2686 grammat.
888 2622 1040 2687 praefatiol:
1063 2621 1135 2686 ‘sich¹
1148 2623 1325 2672 auszeicbnen

226 2727 303 2770 nutet
323 2719 395 2769 einer
415 2716 515 2777 Classe,
540 2735 572 2767 zu
591 2719 638 2767 der
654 2719 762 2784 jemand
782 2718 884 2782 gehb'rt,
913 2719 997 2769 heisst
1022 2718 1125 2768 excello
1144 2721 1198 2770 und
1218 2727 1324 2785 praesto

227 2815 310 2868 inter’.
348 2816 426 2865 Certe
444 2814 496 2865 hoc
523 2814 603 2866 modo
623 2815 657 2864 de
677 2815 844 2865 Ciceroniani
869 2822 969 2865 tantum
994 2817 1120 2882 temporis
1138 2832 1188 2865 usu
1206 2817 1324 2865 iudicare

228 2915 298 2965 licet.
334 2915 403 2963 Nam
422 2913 526 2962 excello
545 2912 620 2962 verbi
640 2914 711 2978 apud
730 2913 847 2962 comicos
867 2914 1009 2978 scriptores
1029 2912 1104 2961 nulla
1123 2913 1206 2962 forma
1223 2913 1324 2961 inveni·

228 3016 270 3059 tur
288 3009 340 3058 nisi
358 3015 423 3074 part.
443 3007 510 3072 perf.
527 3023 597 3072 pass.
615 3007 723 3057 Terenti
742 3023 819 3056 versu
838 3008 922 3058 Andr.
943 3006 1005 3058 356:

328 3105 374 3154 ubi
391 3112 418 3154 te
437 3121 491 3154 non
517 3105 624 3155 invenio
647 3105 687 3154 ibi
710 3105 826 3154 ascendo
850 3105 877 3154 in
909 3105 1040 3169 quendam
1069 3106 1202 3155 excelsum
1227 3105 1325 3165 locum,

230 3201 303 3268 quod
326 3204 358 3252 ad
380 3203 544 3252 transitivam
571 3202 645 3252 verbi
665 3202 801 3252 notionem
828 3202 896 3251 redit
927 3199 971 3269 (cs.
991 3199 1100 3269 κέλλω).
1137 3204 1240 3253 Primus
1260 3204 1325 3253 Cato

229 3299 394 3349 intransitive
413 3300 480 3349 dixit
499 3299 577 3365 (orig.
593 3299 638 3358 22,
655 3299 846 3358 11:82,10
863 3299 910 3364 P):
935 3297 997 3347 ‘scio
1017 3298 1104 3348 solere
1122 3300 1257 3365 plerisque
1279 3300 1327 3350 ho·

228 3397 344 3447 minibus
362 3398 442 3446 rebus
463 3397 587 3446 secundis
605 3405 683 3462 atque
700 3383 812 3462 proliris
826 3403 904 3460 atque
917 3395 1051 3460 prosperis
1064 3395 1177 3445 animum
1196 3400 1327 3446 excellere

229 3501 308 3559 atque
335 3493 485 3559 superblam
503 3493 670 3556 augescere‘:
691 3493 764 3559 quod
783 3500 809 3541 et
827 3493 913 3557 ipsum
933 3507 965 3542 ex
983 3491 1098 3555 genuina
1116 3491 1195 3542 huius
1208 3493 1283 3542 verbi
1301 3494 1327 3542 vi

228 3591 393 3641 intransitive
412 3605 489 3639 versa
502 3589 687 3656 explicandum
708 3597 748 3639 est
771 3588 837 3638 ‘sich
856 3588 1089 3651 herausbewegen,
1111 3589 1326 3640 heraustreiben‘.

229 3688 323 3738 Cicero
343 3703 432 3737 mrsus
452 3703 531 3753 saepe
551 3688 641 3752 posuit
660 3686 764 3736 excello
783 3687 850 3736 inter
869 3693 895 3735 et
915 3687 1017 3736 excello
1032 3685 1121 3736 alicui.
1152 3687 1219 3736 Inde
1238 3695 1328 3736 natum

229 3791 270 3834 est
289 3784 454 3850 participium
472 3799 557 3848 praes.
576 3789 625 3835 act.
644 3783 716 3832 idem
735 3783 789 3832 fere
811 3783 961 3846 significans
982 3790 1060 3849 atque
1084 3791 1149 3849 part.
1170 3784 1237 3848 perf.
1256 3799 1327 3848 pass.

230 3881 263 3932 cs.
282 3881 410 3946 imprimis
430 3878 495 3931 bell.
516 3881 595 3947 Hisp.
620 3897 678 3946 cap.
696 3881 766 3930 VIII
794 3877 962 3946 ‘oppidorum
989 3895 1084 3943 magna
1106 3896 1168 3947 pars
1192 3881 1328 3930 montibus

231 3979 284 4027 fere
302 3977 402 4028 munita
421 3985 447 4028 et
465 3985 557 4028 natura
579 3975 772 4028 excellentibus
801 3976 869 4026 locis
898 3983 938 4026 est
969 3977 1118 4026 constituta’
1146 3984 1173 4027 et
1199 3951 1329 4026 XXVIII

231 4073 303 4124 ‘loca
323 4074 482 4125 excellentia
501 4073 611 4126 tumulis
632 4074 770 4125 contineri'
789 4089 847 4124 cum
864 4075 914 4124 illo
935 4090 1012 4140 quem
1031 4089 1110 4140 supra
1129 4075 1205 4125 attuli
1223 4075 1330 4124 Terenti

230 4172 302 4224 loco.
339 4172 393 4222 Sed
411 4173 477 4223 haec
496 4179 525 4222 ut
543 4181 664 4223 accurate
682 4188 827 4239 persequar
847 4172 880 4221 ab
899 4171 950 4222 hoc
969 4173 1031 4221 loco
1056 4171 1172 4222 alienum
1197 4179 1248 4222 est:
1277 4173 1329 4221 suf·

231 4268 300 4319 ficiat
319 4276 480 4320 monstrasse
499 4270 626 4336 paulatim
645 4269 739 4318 horum
758 4270 898 4319 verborum
917 4268 970 4317 vim
992 4284 1051 4318 esse
1069 4270 1239 4319 immutatam.

1164 4383 1179 4432 3
