3138 4896
741 320 774 372 1⁷

202 517 278 578 quos
301 505 363 557 aut·
383 495 451 573 ipse
483 494 637 556 detexisse
671 502 725 554 aut
757 495 799 555 ad
822 512 900 572 quos
932 495 1163 571 intellegendos.
1191 495 1305 572 aliquid

201 610 340 670 attulisse
362 607 436 670 mihi
458 607 574 666 videor.

718 818 784 876 11.

302 1011 368 1070 Iam
387 1011 418 1068 in
434 1028 548 1070 scaena
565 1011 661 1086 prima
682 1009 813 1084 graviter
833 1010 958 1069 offendo
979 1011 1009 1068 in
1029 1029 1057 1069 v.
1082 1012 1119 1071 31
1145 1029 1212 1088 sqq,
1234 1011 1306 1087 quia

204 1120 427 1179 sententiarum
445 1119 537 1192 ,ordo
566 1136 673 1194 parum
705 1126 776 1194 apte
809 1119 1011 1195 progreditur.
1064 1119 1144 1178 Nam
1176 1120 1305 1197 primum

205 1232 291 1306 quod
306 1229 526 1304 Agorastocles
543 1227 744 1304 aMilphione
766 1229 971 1304 interrogatus
992 1229 1162 1306 respondet
1181 1215 1306 1308 ‘cupio’

205 1335 247 1416 (v.
270 1341 320 1400 31.
344 1339 393 1399 33.
413 1334 478 1412 36.)
510 1337 580 1393 licet
612 1337 693 1394 inv.
721 1337 761 1396 33
784 1337 923 1413 quadret,
957 1336 1028 1411 quia
1049 1335 1177 1412 Milphio
1194 1363 1195 1366 ¹
1210 1337 1305 1394 semel

206 1449 325 1507 iocatus
339 1447 437 1505 ¹verbis
457 1433 528 1505 ‘dic
541 1445 615 1504 mihi
626 1463 698 1504 vero
713 1433 809 1503 serio'
830 1446 1004 1522 praemissis
1021 1447 1177 1504 dominum
1193 1447 1304 1504 eadem

207 1560 295 1618 lovea
317 1558 460 1634 decipere
478 1555 595 1634 potuit:
617 1563 649 1612 at
670 1574 689 1614 a
711 1572 738 1615 v.
763 1557 802 1614 36
825 1572 918 1630 quam
938 1556 1070 1614 maxime
1092 1562 1141 1613 est
1161 1555 1303 1614 alienum.

204 1667 302 1743 Quasi
323 1676 418 1727 antea
438 1665 513 1724 nihil
539 1673 685 1741 expertus
713 1664 918 1723 sitdominus
947 1667 1061 1724 eodem
1092 1665 1185 1723 verbo
1216 1682 1304 1723 servo

203 1779 379 1856 respondet.
413 1776 494 1834 Tum
510 1774 674 1851 displicent
686 1774 794 1850 quibus
806 1775 905 1832 verbis
918 1775 1305 1851 Agorastoclesdeceptus

204 1865 330 1947 servom'
357 1886 534 1962 alloquitur:
558 1903 584 1945 v.
605 1887 645 1943 32
661 1902 753 1962 quam
768 1884 899 1944 maxime
920 1885 1015 1943 iratus
1034 1873 1103 1944 ‘abi
1125 1871 1325 1953 dierectus',.

204 2016 231 2058 v.
263 1999 303 2058 35
332 2013 517 2073 quamquam
550 1994 661 2052 iterum
693 2001 793 2052 tactus
827 1994 985 2078 mitissime
1015 1977 1160 2054 ‘iocare'.
1217 1992 1305 2052 Haec

204 2114 369 2183 postquam
404 2105 610 2181 suspicionem
643 2103 715 2161 mihi
748 2111 908 2162 moverunt
937 2111 1028 2162 aucta
1060 2121 1098 2162 ea
1129 2110 1179 2160 est
1199 2121 1230 2178 pv.
1255 2104 1305 2172 35,

207 2215 304 2290 qualis
326 2214 357 2272 in
379 2213 535 2272 codicibus
558 2212 688 2270 traditus
711 2221 774 2270 est:
852 2281 855 2289 ⁴

228 2324 265 2404 A.
281 2323 393 2382 iocare.
416 2321 457 2382 M.
472 2323 522 2380 vin
539 2331 572 2380 tu
587 2322 668 2381 illam
683 2322 777 2380 hodie
791 2323 857 2380 sine
873 2324 988 2382 damno
1004 2331 1036 2380 et
1051 2323 1215 2398 dispendio
1230 2330 1284 2380 tuo

206 2433 356 2511 equibus
380 2429 556 2508 Geppertus
577 2431 748 2491 Acidalium
782 2424 888 2510 (divin.
910 2449 983 2508 pag.
1011 2429 1085 2508 372)
1114 2439 1235 2490 secutus
1255 2425 1306 2489 ‘et

205 2525 386 2620 dispendio'
406 2541 521 2616 omisit;
543 2541 720 2600 Rassowins
740 2537 795 2615 (de
812 2541 912 2598 Plauti
931 2539 1134 2601 substantivis
1152 2540 1230 2600 thes.
1246 2537 1305 2616 Ill)

204 2653 319 2711 damno
353 2661 386 2710 et
417 2697 425 2714 .
459 2697 467 2712 .
504 2659 557 2710 tuo
593 2651 692 2728 (quod
729 2651 898 2726 adiungere
938 2646 1096 2727 neglexit).
1161 2649 1199 2708 Id
1237 2668 1306 2710 cum

170 2813 172 2818 ,
204 2761 367 2820 Rassowio
389 2759 550 2818 consentio
575 2769 658 2818 certe
678 2743 875 2836 ‘dispendio'
897 2776 967 2818 esse
997 2760 1174 2819 tenendum.
1227 2757 1305 2817 Nam

209 2886 288 2944 quae
310 2871 349 2927 sit
370 2886 465 2927 causa
487 2887 541 2928 cur
560 2869 627 2945 quis
649 2870 691 2926 ad
710 2853 880 2927 ‘damnum’
902 2885 1010 2927 vocem
1032 2887 1123 2945 quam
1145 2868 1328 2928 usitatissi-

206 2996 289 3037 mam
307 2988 341 3037 ut
354 2969 511 3067 glossema
525 2979 675 3054 adiungat
696 2963 923 3056 ‘dispendium’‚
947 2980 1032 3054 quod
1060 2979 1143 3054 apud
1165 2977 1305 3037 Plautum

209 3095 255 3144 ter
276 3085 373 3162 (Men.
389 3063 460 3149 435.
482 3087 577 3150 Mero.
598 3088 673 3164 prol.
697 3090 746 3150 30.
762 3084 827 3164 51),
851 3089 935 3166 apud
950 3087 1129 3147 Terentium
1145 3089 1191 3146 bis
1213 3086 1305 3164 (Eun.

209 3199 278 3258 929.
300 3197 379 3260 Hec.
403 3192 478 3276 795)
500 3198 662 3268 invenitur,
683 3199 826 3276 equidem
847 3217 911 3256 non
932 3200 1032 3258 video.
1076 3199 1139 3256 Sed
1158 3183 1305 3256 ‘damno'

206 3307 330 3365 verbum
350 3313 391 3365 ne
413 3308 554 3367 additum
573 3308 707 3366 indicem
728 3309 788 3367 hae
810 3326 858 3366 me
887 3308 1050 3384 prohibent
1072 3325 1195 3366 causae.
1246 3306 1307 3365 Cur

206 3416 257 3491 qui
287 3416 485 3492 dispendium
512 3435 568 3494 per
597 3417 743 3476 damnum
764 3417 1022 3492 interpretabatur
1049 3418 1090 3475 ad
1110 3403 1307 3492 ‘dispendio’

207 3524 347 3582 adiunxit
367 3509 475 3582 ιἱιιοῬ
518 3527 650 3585 Accedit
668 3527 752 3603 quod
774 3525 884 3584 comici
912 3525 1104 3586 substantiva
1127 3543 1196 3583 cum
1216 3509 1306 3602 prae·

205 3622 410 3708 positionibus
430 3620 531 3692 ‘eum’
553 3637 600 3694 vel
620 3620 722 3694 ‘sine’
744 3637 784 3693 ad
812 3634 943 3694 actionis
971 3643 1113 3694 eventum
1135 3635 1307 3710 exprimen-

207 3743 282 3801 dum
294 3743 457 3801 coniuncta
471 3745 516 3802 sic
531 3745 614 3804 nude
629 3763 747 3821 ponere
768 3763 832 3804 non
854 3752 977 3815 amant;
1000 3743 1038 3804 ci.
1053 3743 1131 3804 haec
1146 3744 1304 3820 exempla:

260 3869 371 3947 Amph.
395 3872 489 3932 1033:
513 3887 582 3930 eum
607 3871 742 3930 cruciatu
764 3879 819 3929 tuo
842 3871 939 3930 istaec
961 3870 1065 3942 hodie,
1086 3887 1189 3940 verna,
1212 3872 1306 3929 verba

1092 3979 1242 4051 funditas;

245 4088 331 4150 Asin.
356 4091 415 4150 129
439 4107 490 4166 sq:
512 4090 594 4148 bene
615 4089 745 4175 merenti
766 4087 883 4160 mala’s,
907 4090 987 4149 male
1002 4089 1132 4148 merenti
1147 4089 1255 4150 bona’s

512 4209 545 4259 at
566 4201 648 4260 malo
671 4219 739 4260 cum
762 4210 823 4262 tu0.

1138 4323 1155 4374 2
