3138 4896
371 1016 374 1021 .
486 931 734 1028 Sententiae
760 963 1068 1034 controversae.

273 1255 304 1342 1'.
328 1283 397 1340 Eur.
416 1284 510 1342 Andr.
526 1281 585 1341 707
599 1282 627 1340 Ν
649 1301 686 1339 ex
704 1283 812 1340 codice
825 1281 964 1340 Palatino
990 1277 1027 1358 (B
1044 1279 1225 1356 Kirchhoffi)
1236 1299 1325 1356 repo·

329 1389 465 1469 nendum
488 1401 535 1449 est
558 1387 661 1467 μείζω.

268 1503 300 1559 ’2.
329 1503 419 1562 Arist.
443 1501 519 1560 Ach.
544 1520 571 1560 v.
593 1503 654 1561 559
678 1502 832 1559 delendus
855 1511 911 1560 est.

272 1614 299 1670 3.
326 1611 436 1685 Lysiae
459 1612 511 1686 qui
540 1611 651 1669 dicitur
672 1612 772 1669 oratio
803 1621 891 1668 sexta
920 1629 1021 1687 neque
1051 1629 1194 1685 umquam
1223 1611 1329 1667 habita

329 1702 376 1776 est¹
391 1738 493 1794 neque
506 1729 540 1778 ut
555 1721 719 1778 haberetur
735 1722 861 1796 scripta:
878 1721 1050 1778 scholarum
1063 1720 1199 1778 umbram
1217 1721 1329 1796 prodit.

272 1831 300 1888 4.
332 1826 363 1904 a)
392 1831 476 1904 apud
502 1828 727 1888 Callimachum
745 1832 770 1887 si
793 1830 867 1887 arsis
896 1831 1024 1887 secundi
1050 1830 1096 1886 vel
1120 1830 1219 1905 quarti
1241 1830 1329 1904 pedis

392 1949 542 2014 sequente
564 1948 650 1997 muta
671 1957 740 1996 cum
763 1939 880 2013 liquida
894 1940 1084 2014 producitur,
1108 1956 1229 2013 semper
1243 1957 1329 2013 prae-

392 2050 475 2106 cedit
498 2048 647 2121 dactylus.
692 2047 783 2119 Quae
816 2049 999 2105 oblocuntur
1033 2049 1174 2123 exempla
1207 2057 1260 2105 aut
1292 2066 1330 2103 ex

391 2133 528 2213 Homero
545 2157 710 2231 desumpta
726 2165 796 2213 sunt
812 2165 865 2214 aut
880 2166 965 2214 certa
980 2157 1098 2214 ratione
1113 2177 1132 2215 a
1142 2156 1330 2215 Callimacho

394 2262 453 2322 hoc
472 2265 568 2321 modo
592 2267 771 2340 composita.

331 2371 363 2450 b)
390 2375 492 2450 itaque
516 2375 617 2451 hymn.
641 2369 686 2450 εἰς
709 2372 817 2448 Δῆλον
837 2395 862 2434 ν.
882 2378 940 2435 147
963 2377 1172 2435 scribendum:
1196 2372 1330 2450 ἕστηκεν

394 2481 457 2559 πρὸ
479 2482 608 2546 πυλέων
633 2487 702 2545 cod.
727 2481 851 2560 ἕστηκε.

273 2597 301 2654 5.
329 2593 360 2668 a)
389 2593 486 2652 Plaut.
510 2594 643 2658 Cas.l95
666 2595 848 2671 legendum:

503 2704 582 2779 quae
604 2722 674 2762 meo
697 2707 812 2762 educta
834 2703 957 2780 sumptu
980 2705 1046 2764 siet.

331 2809 364 2886 b)
390 2813 430 2870 ib.
454 2831 480 2871 v.
506 2816 562 2872 111
588 2814 632 2871 sic
654 2815 733 2870 inter
754 2831 903 2889 personas
926 2794 1156 2870 distribuendus
1179 2822 1240 2872 est:

435 2921 564 2983 Cleostr.
587 2925 667 2981 intro
690 2923 749 2994 abi,
772 2941 953 2999 appropera,
981 2924 1102 2981 amabo,
1146 2923 1255 2998 Myrrh.
1278 2925 1333 2981 im·

1114 3043 1217 3108 petras
1240 3035 1328 3092 abeo.

334 3135 363 3212 c)
392 3139 430 3199 ib.
459 3143 517 3200 126
534 3151 566 3199 et
582 3144 640 3203 127
666 3143 793 3202 Bothius
810 3153 841 3201 et
857 3143 1032 3219 Geppertus
1054 3146 1187 3219 pessime
1202 3152 1333 3201 metrum

399 3249 609 3310 foedaverunt.
633 3251 783 3309 Codicum
794 3254 942 3328 scriptura
955 3255 1110 3311 mordicus
1126 3253 1262 3311 tenenda
1275 3261 1331 3312 est.

335 3354 370 3432 d)
397 3360 436 3417 ib.
453 3362 514 3420 350
529 3362 736 3420 scribendum:
754 3359 847 3436 quid?
863 3360 1044 3420 deosculer?
1060 3380 1138 3437 quae
1151 3363 1248 3421 istaec
1262 3359 1332 3420 res?
1383 3421 1385 3425 ,

994 3488 1073 3545 quae
1095 3471 1237 3547 voluptas
1260 3466 1333 3527 tua?

335 3575 366 3654 e)
393 3579 432 3636 ib.
457 3580 518 3638 384
539 3582 733 3638 mutandum:
757 3582 848 3656 agite.
873 3582 943 3640 cod.
967 3599 1034 3655 age.

335 3682 360 3766 f)
393 3689 433 3748 ib.
457 3690 518 3748 654
539 3689 623 3764 lego:
646 3691 773 3747 tandem
794 3698 829 3747 ut
851 3690 1006 3746 veniamus
1029 3707 1093 3748 rus:
1117 3690 1176 3747 luci
1192 3707 1251 3765 ego
1269 3706 1334 3747 cras

398 3797 447 3854 hic
468 3815 529 3856 ero,
553 3800 622 3858 cod.
646 3816 737 3857 omm.
762 3817 822 3857 rus,

281 3909 308 3965 6.
338 3906 436 3966 Plaut.
459 3906 543 3966 Trin.
560 3906 620 3967 836
643 3927 698 3984 pro
721 3908 850 3966 fremere
876 3883 1079 3984 supplendum
1102 3909 1218 3966 fervere
1242 3917 1334 3984 atque

337 4033 440 4073 versus
464 4016 507 4073 sic
529 4017 692 4093 legendus:

439 4125 550 4183 imbres
563 4125 730 4201 fluctusque
746 4126 838 4200 atque
860 4128 1013 4202 procellae
1028 4128 1165 4186 infensae
1176 4122 1336 4205 (fervere)

1052 4237 1191 4313 frangere
1213 4238 1335 4298 malum.
