3138 4896
750 318 784 370 21

297 513 325 555 v.
348 495 397 554 56·
412 509 492 569 quae
526 490 582 550 tibi
615 491 700 550 olant
732 493 886 552 stabulum
920 502 1112 571 statumque,
1143 467 1251 556 sellam
1285 507 1318 556 et

931 604 1113 678 sessibulum
1134 624 1253 666 merum

748 721 781 770 et

300 839 326 882 v.
348 822 389 882 54
410 821 558 897 pistorum
579 821 693 882 amicas
716 821 858 898 reliquias
881 821 1043 881 halicarias

300 949 327 991 v.
349 934 389 992 57
412 948 489 1009 quas
520 933 602 990 adeo
636 931 720 990 haud
752 931 913 1008 quisquam
941 950 1086 1008 umquam
1109 934 1185 994 liber
1217 937 1317 1014 tetigit

891 1058 993 1117 neque
1016 1042 1104 1099 duxit
1126 1042 1253 1101 domum

603 1149 604 1153 ’
633 1155 727 1223 atque
747 1148 892 1224 imprimis

300 1280 328 1319 v.
353 1259 393 1318 55
416 1257 610 1318 servolicolas
632 1257 775 1316 sordidas

298 1389 326 1431 v.
352 1371 390 1430 58
413 1369 602 1427 servolorum
622 1368 849 1427 sordidulomm
872 1377 974 1428 scorta
998 1370 1188 1431 duobolaria.

313 1479 381 1538 Has
396 1478 487 1555 igitur
502 1477 699 1536 recensiones
722 1479 896 1536 constituo:
920 1482 959 1538 52
981 1476 1105 1557 (inquo
1126 1498 1215 1538 versu
1231 1481 1317 1539 codi-

217 1606 286 1647 cum
295 1589 387 1647 lectio
400 1576 491 1645 ‘inter
504 1573 590 1646 istas'
606 1595 714 1645 contra
729 1587 921 1663 Geppertum
936 1597 968 1646 et
981 1587 1160 1647 Muellerum
1178 1591 1316 1648 tenenda

215 1707 276 1758 est:
305 1699 367 1756 duo
389 1697 468 1756 haec
488 1697 640 1756 vocabula
662 1697 693 1755 in
716 1715 812 1755 unum
832 1697 959 1756 verbum
981 1699 1163 1757 coalescunt
1184 1699 1224 1760 ci.
1246 1697 1316 1759 Cas.

214 1811 275 1870 457
296 1807 377 1867 inter
398 1825 462 1866 eos.
486 1806 580 1866 Poeu.
603 1809 666 1867 870
688 1815 815 1883 propter
836 1824 972 1866 amorem
994 1803 1062 1883 sim)
1087 1839 1124 1849 —
1149 1808 1188 1868 55
1212 1816 1243 1865 et
1266 1808 1316 1868 52.

215 1920 349 1979 56-58,
400 1917 465 1976 Iam
493 1917 518 1975 si
547 1918 722 1994 quaerimus
755 1926 823 1975 utra
857 1917 998 1975 recensio
1022 1916 1163 1976 Plautum
1195 1918 1314 1988 deceat,

214 2029 295 2088 inv.
320 2029 444 2087 56-58
475 2034 546 2084 sunt
568 2044 648 2103 quae
670 2026 839 2086 offendant.
894 2025 974 2084 Nam
1004 2027 1134 2102 primum
1167 2027 1253 2103 quod
1285 2028 1317 2085 in

216 2136 421 2214 superioribus
435 2135 572 2194 versibus
595 2136 721 2212 singulis
734 2136 834 2194 verbis
850 2135 931 2194 bene
953 2133 1074 2205 dicitur,
1097 2136 1130 2193 iu
1153 2135 1200 2194 his
1217 2145 1316 2194 totum

218 2247 319 2323 explet
340 2264 470 2316 versum,
505 2263 522 2303 e
545 2244 656 2321 quibus
679 2263 772 2322 quam
793 2246 925 2304 maxime
948 2245 1039 2322 friget
1066 2265 1094 2305 v.
1117 2247 1230 2323 primus
1253 2254 1315 2305 sta·

216 2355 319 2415 bulum
340 2365 525 2433 statumque,
548 2355 655 2415 sellam
677 2364 709 2414 et
724 2356 917 2416 sessibulum.
952 2355 1035 2415 Tum
1056 2373 1208 2433 persaepe
1225 2356 1315 2415 Plau·

215 2475 263 2524 tus
283 2460 426 2526 ‘ducere'
449 2466 505 2524 sim
531 2466 571 2523 de
590 2465 800 2523 meretricibus
819 2473 957 2542 usurpat,
980 2483 1147 2542 numquam
1170 2466 1317 2524 sollemne

215 2576 289 2634 illud
307 2564 448 2634 ‘domum
470 2570 607 2635 ducere’.
662 2574 750 2647 Quae
778 2592 872 2633 causa
900 2593 961 2652 quo
993 2575 1091 2650 magis
1117 2577 1314 2651 persuadeat,

214 2686 349 2761 singulos
365 2686 451 2745 locos
470 2685 581 2761 quibus
604 2685 719 2744 ducere
743 2683 804 2741 boc
827 2701 919 2742 sensu
938 2685 1088 2742 invenitur
1109 2685 1315 2743 enumerabo:

190 2785 328 2854 'sacen
357 2797 447 2856 roso.
477 2793 547 2852 eas.
570 2794 641 2854 845.
668 2792 762 2852 nere.
786 2775 857 2852 sot.
883 2791 983 2866 [arn.
1025 2792 1314 2854 1022.Men.124.

215 2903 308 2962 Most.
331 2905 381 2964 36.
419 2905 490 2964 960.
525 2900 619 2959 Poeu.
646 2919 691 2977 pr.
727 2903 797 2960 100.
828 2899 940 2960 Pseud
975 2903 1037 2961 258
1070 2901 1108 2977 (Β
1144 2908 1176 2958 et
1196 2899 1315 2960 Loren·

217 3013 280 3071 zius
304 3007 422 3088 dicito).
467 3010 559 3070 Stich.
581 3012 653 3071 426.
679 3011 747 3070 728.
770 3009 861 3068 Truc.
884 3012 954 3070 678.
999 3008 1164 3070 Praeterea
1186 3011 1316 3068 ductare

217 3122 277 3180 hoc
299 3140 390 3180 sensu
410 3121 535 3198 ponitur
556 3119 641 3179 Asin.
666 3121 735 3180 164.
758 3122 827 3180 165.
856 3120 927 3179 169.
954 3119 1022 3180 189.
1045 3122 1117 3181 663.
1162 3118 1315 3179 Poen.lV

219 3235 247 3303 2,
267 3235 308 3292 46
343 3227 415 3307 (hoc
438 3232 563 3289 verbum
593 3230 688 3289 etiam
710 3228 875 3288 Terentius
903 3229 988 3286 novit
1008 3229 1129 3290 Phorm.
1152 3231 1223 3303 500,
1252 3247 1315 3287 non

218 3337 356 3418 ducere);
393 3342 544 3400 ductitare
571 3340 665 3400 Poen.
696 3340 760 3414 12,
796 3342 853 3413 60;
888 3338 1084 3397 obductarier
1113 3339 1210 3398 Merc.
1244 3341 1314 3400 786.

217 3452 266 3511 De
295 3469 391 3511 uxore
419 3452 543 3511 Plautus
568 3451 643 3509 dicit
672 3467 799 3508 uxorem
833 3451 947 3508 ducere
979 3444 1020 3528 (e.
1050 3467 1080 3524 g.
1102 3447 1173 3508 Cas.
1196 3467 1240 3524 pr.
1264 3450 1314 3508 69.

219 3563 280 3624 fab.
303 3565 351 3623 19.
375 3564 446 3622 218.
469 3561 554 3621 Triu.
577 3563 648 3621 375.
672 3559 763 3619 Truc.
787 3559 862 3634 866)
887 3559 935 3616 vel
957 3559 1070 3616 ducere
1093 3554 1175 3635 (Aul.
1196 3575 1241 3634 pr.
1266 3558 1315 3617 33.

220 3674 288 3734 155.
313 3672 373 3732 289
397 3665 451 3749 al.)
467 3671 515 3730 vel
536 3672 661 3729 domum
683 3669 812 3737 ducere;
835 3667 873 3729 ci.
896 3667 1041 3744 imprimis
1056 3665 1131 3726 Cist.
1154 3667 1215 3736 11,
1239 3668 1314 3725 101:

260 3789 292 3838 at
314 3781 365 3839 ille
387 3781 546 3856 conceptis
567 3779 676 3838 iuravit
698 3779 798 3836 verbis
819 3777 906 3853 apud
927 3785 1057 3836 matrem
1077 3795 1179 3834 meam

260 3907 311 3948 me
333 3907 459 3949 uxorem
475 3891 639 3948 ductumm
661 3903 743 3965 esse:
766 3887 795 3944 ei
817 3885 971 3945 nuncalia
986 3886 1159 3944 ducendast
1178 3887 1315 3956 domum,

217 4009 382 4077 postquam
404 3997 559 4058 Selenium
580 3999 641 4055 iam
661 3990 788 4055 ‘duxit'.
839 3981 842 3994 ¹

317 4109 510 4168 Meretricem
526 4108 550 4166 si
567 4108 634 4185 quis
650 4107 776 4168 domum
790 4103 898 4185 recipit
920 4106 950 4164 in
965 4107 1061 4167 aedes
1083 4122 1152 4167 eam
1176 4105 1313 4183 adducit,

219 4219 257 4280 cl.
280 4220 373 4284 Mese·
397 4222 472 4287 826:
