3138 4896
768 351 801 404 13

225 525 391 606 Teuffelil)
414 529 609 588 coniectura:
640 528 725 588 locus
752 536 966 603 argumentum
984 530 1164 589 censendist
1186 549 1331 607 proscae·

226 641 320 700 nium.
380 638 457 697 Mihi
480 656 585 698 versus
607 639 781 714 adscriptus
805 639 926 696 videtur
948 638 988 698 ab
1011 639 1123 719 aliquo,
1158 641 1209 716 qui
1237 641 1331 700 etiam

228 749 331 825 plures
355 748 557 807 enarrationis
587 756 619 805 et
641 765 750 806 census
777 747 988 806 similitudines
1012 766 1163 825 quaerens
1191 751 1332 808 adiunxit
1416 802 1418 808 ,

226 876 287 938 quo
318 858 387 917 loco
415 865 628 934 argumentum
655 866 833 916 censeretur
867 853 914 932 (id
944 858 1031 933 quod
1064 859 1208 934 prologus
1235 877 1261 920 v.
1289 862 1329 920 56

225 969 358 1027 breviter
367 967 429 1027 iam
439 968 628 1027 indicaverat
639 967 750 1028 verbis:
766 975 981 1042 argumentum
991 966 1052 1026 hoc
1066 966 1114 1026 hic
1127 967 1327 1046 censebitur),

225 1077 379 1137 sententia
392 1095 448 1156 per
469 1093 504 1135 se
526 1078 600 1136 satis
622 1077 717 1147 bona,
739 1084 784 1135 *ut
806 1075 857 1152 qui
878 1095 949 1136 eum
971 1077 1013 1136 ad
1038 1085 1158 1138 ceteros
1177 1085 1249 1155 apte
1272 1080 1330 1138 ad·

225 1187 339 1262 plicare
360 1187 468 1264 possit,
492 1185 561 1246 ilico
583 1185 612 1244 ei
637 1186 875 1262 adstipulaturus
897 1186 963 1247 sim.

326 1295 389 1354 Sed
411 1304 445 1353 ut
467 1296 509 1353 ad
530 1295 563 1354 id
584 1297 758 1372 redeamus,
790 1297 874 1354 cuius
897 1314 992 1356 causa
1021 1296 1124 1356 omnia
1145 1295 1225 1354 haec
1247 1313 1331 1354 com·

225 1405 354 1465 mentati
376 1421 495 1464 sumus:
517 1405 717 1482 perspicimus
733 1406 875 1466 consulto
898 1406 976 1463 inter
997 1423 1032 1464 se
1047 1405 1238 1481 compositos
1260 1422 1330 1463 esse

227 1524 320 1594 atque
344 1513 453 1574 festiva
468 1515 601 1590 imagine
623 1524 749 1572 ornatos
764 1535 791 1576 v.
803 1516 943 1576 46-58:
966 1515 1077 1573 hocine
1099 1514 1330 1592 grammaticum

227 1626 279 1702 qui
304 1642 368 1682 non
388 1623 516 1682 voluerit
533 1624 590 1682 nisi
613 1641 728 1682 nomen
746 1625 915 1700 adiungere
939 1624 1062 1686 fabulae
1078 1624 1189 1682 fecisse
1202 1624 1330 1682 arbitra·

225 1730 310 1793 mur?
343 1734 414 1794 Hoc
436 1743 540 1792 autem
562 1751 600 1792 ex
623 1734 659 1792 iis
676 1751 757 1810 quae
770 1735 993 1810 disputavimus
1017 1734 1162 1794 eflicitur:
1186 1753 1224 1792 ex
1240 1735 1330 1793 variis

225 1845 363 1921 partibus
393 1845 580 1920 compositos
613 1862 685 1903 esse
718 1845 785 1902 illos
810 1861 926 1915 versus,
960 1845 1012 1921 qui
1046 1853 1166 1920 partem
1199 1844 1332 1920 priorem

226 1955 346 2031 prologi
367 1951 499 2033 (1—45)
532 1963 708 2032 camparte
729 1955 901 2031 posteriore
925 1955 1162 2028 coniungerent:
1190 1956 1274 2024 unde
1296 1956 1329 2014 id

226 2079 282 2140 pro
306 2072 390 2122 certo
414 2066 626 2124 concludimus
649 2067 728 2124 duas
755 2064 821 2122 illas
843 2072 947 2140 partes
969 2081 1034 2122 non
1055 2065 1168 2128 eodem
1190 2073 1329 2141 tempore

227 2176 270 2233 ad
291 2175 424 2232 eandem
446 2176 602 2234 actionem
626 2174 786 2234 conlectos
809 2191 889 2244 esse,
921 2175 978 2231 sed
1000 2174 1203 2249 posteriorem
1228 2175 1329 2249 priore
1351 2147 1352 2153 ἵ

229 2300 299 2340 esse
321 2283 536 2359 antiquiorem3
557 2301 630 2341 num
652 2283 691 2341 ab
712 2283 779 2360 ipso
796 2282 905 2340 Plauto
928 2283 1068 2359 proiecta
1091 2284 1129 2340 sit
1152 2277 1251 2359 (quod
1265 2300 1329 2340 non

229 2393 380 2470 recusavit
401 2392 557 2468 Liebigius
579 2387 613 2472 ll)
640 2392 761 2453 dehac
793 2411 826 2452 re
860 2411 936 2452 sane
965 2393 1037 2451 licet
1058 2393 1208 2452 dubitare.
1266 2391 1330 2449 Sed

228 2500 386 2560 videamus
409 2510 559 2578 quantum
579 2503 705 2578 singulis
721 2503 856 2562 versibus
878 2502 1102 2580 perlustrandis
1124 2503 1329 2580 proficiamus.

329 2611 411 2688 Apte
442 2613 541 2670 oratio
565 2613 723 2690 procedit:
756 2613 887 2689 primum
918 2613 1063 2688 prologus
1096 2612 1137 2670 de
1166 2610 1329 2668 Hannonis

228 2720 319 2780 fratre
340 2722 477 2797 patruele
499 2732 593 2798 etque
607 2721 674 2781 eius
696 2721 758 2780 tilio
780 2721 914 2796 loquitur
932 2737 1028 2797 usqne
1052 2721 1094 2780 ad
1114 2738 1141 2780 v.
1156 2723 1195 2780 78
1211 2716 1329 2796 (inquo

224 2820 274 2890 ‘in
284 2832 382 2890 illisce
395 2817 542 2891 aedibus'
556 2822 835 2890 retinendum'esse
849 2839 882 2890 et
897 2829 948 2890 alii
963 2831 1022 2889 loci
1036 2831 1154 2888 docent
1164 2830 1248 2888 velut
1258 2828 1329 2891 Cas.

229 2941 304 3017 prol.
329 2943 378 3003 36.
412 2940 495 3002 Men.
519 2942 581 3002 620
611 2947 643 2998 et
671 2941 754 3000 bene
783 2940 903 2998 monuit
929 2941 964 3001 F.
987 2935 1169 3017 Sennium),
1201 2946 1266 2997 tum
1288 2939 1331 2996 de

231 3049 351 3110 duabus
373 3049 535 3110 Hannonis
558 3050 626 3108 filiis
649 3068 747 3126 usque
769 3050 811 3110 ad
832 3069 860 3112 v.
881 3052 930 3120 95,
950 3049 1087 3124 denique
1108 3049 1150 3106 de
1172 3065 1278 3106 earum
1298 3048 1331 3106 in

229 3159 304 3216 urbe
327 3158 487 3234 Calydone
509 3158 579 3218 fatis
599 3175 697 3235 usque
719 3160 763 3218 ad
781 3177 810 3221 ν.
833 3160 892 3219 115
916 3152 973 3238 (de
994 3157 1057 3219 line
1079 3157 1156 3217 inira
1177 3153 1329 3233 agemus).

175 3286 177 3297 ⁴
230 3266 390 3326 Nonnullis
423 3269 498 3328 locis
520 3269 667 3328 continua
689 3271 786 3330 oratio
806 3268 1045 3344 interrumpitur:
1072 3267 1104 3326 in
1126 3267 1262 3326 versibus
1288 3267 1328 3326 62

228 3386 259 3434 et
283 3380 321 3437 63
345 3377 419 3435 nihil
440 3387 488 3437 est
514 3397 569 3437 cur
590 3380 795 3449 offendamus,
819 3379 857 3440 cl.
870 3379 953 3440 Men.
966 3397 993 3438 v.
1007 3379 1047 3438 45
1071 3395 1163 3453 quem
1180 3376 1328 3434 inlocum

229 3499 267 3544 ex
285 3496 403 3545 nostro
430 3489 534 3546 inserti
561 3489 714 3560 videntum
750 3497 783 3548 at
804 3507 832 3550 v.
863 3490 985 3549 79—82
1012 3505 1105 3562 quam
1139 3484 1329 3562 ineptissime
1370 3514 1382 3537 .

231 3597 449 3655 sententiarum
469 3615 582 3656 nexum
608 3598 800 3674 perturbant:
832 3598 863 3658 in
885 3616 912 3658 v.
935 3598 975 3656 83
996 3613 1098 3672 neque
1123 3581 1216 3653 ‘sed'
1235 3595 1328 3671 parti·

231 3705 318 3766 culae
339 3723 440 3784 neque
462 3713 535 3782 post
556 3725 677 3766 versum
700 3709 738 3767 79

408 3821 415 3832 ”
462 3825 600 3876 revertor
620 3833 723 3874 rursus
745 3816 850 3874 denuo
871 3813 1089 3892 Carthaginem

227 3911 507 4002 ‘Carthaginiensi'
539 3925 632 3985 verbo
675 3924 760 3982 locus
799 3932 855 3984 est.
888 3923 1016 4000 Optimo
1065 3923 1156 3998 igitur
1195 3922 1259 3981 iure
1297 3929 1329 3980 et

333 4165 360 4233 l)
379 4182 446 4218 mus.
465 4165 539 4218 rhen.
561 4165 692 4218 XXVIII
710 4181 769 4232 pag.
790 4161 851 4217 346.

330 4263 358 4330 2)
380 4271 480 4329 quaest.
499 4263 532 4312 de
551 4263 735 4337 pronominum
756 4263 900 4314 demonstr.
920 4261 1011 4312 fonnis
1031 4260 1117 4314 Plaut.
1135 4276 1196 4328 pag.
1215 4258 1258 4312 28.
