3138 4896
794 327 826 382 12

258 526 333 568 sane
355 507 478 567 difficile
508 515 558 567 est
583 507 734 568 iudicare:
767 513 851 566 certe
879 507 956 568 falsa
982 515 1031 566 est
1058 523 1151 583 quam
1173 504 1360 566 Ritschelius

257 619 383 696 protulit
421 618 633 695 interpretatio
679 617 811 695 (parerg.
848 636 918 695 pag.
957 611 1033 697 210)
1078 617 1164 677 nisus
1200 616 1358 694 Tumebo‚

260 729 428 798 Gronovio‚
450 727 599 788 Acidalio.
655 726 735 786 Nam
761 727 911 787 iuratores
943 745 1007 786 non
1037 743 1107 786 esse
1135 743 1281 786 censores
1304 727 1361 786 sed

260 857 425 899 censorum
438 838 592 897 ministros
613 846 697 896 recte
711 854 897 915 perspexere
913 855 982 897 cum
998 836 1051 895 alii
1072 843 1138 896 tum
1152 833 1363 896 Mommsenus

260 949 315 1011 iur.
338 949 421 1025 publ.
444 949 533 1010 Rom.
556 948 588 1006 II
612 951 628 1008 1
651 964 723 1024 pag.
747 947 819 1016 335,
843 947 1005 1006 conferens
1027 946 1112 1006 Trio.
1135 965 1163 1008 v.
1186 947 1248 1008 878

363 1075 473 1117 census
496 1075 590 1134 quom
610 1073 687 1128 sum,
710 1057 834 1115 iuratori
856 1065 941 1116 recte
961 1056 1112 1116 rationem
1135 1057 1219 1126 dedi,

262 1176 294 1226 ei
315 1169 379 1228 Liv.
406 1167 541 1226 XXXIX
567 1151 618 1242 44,
643 1169 679 1226 2:
714 1175 896 1226 ornamenta
923 1175 955 1226 et
983 1175 1102 1226 vestem
1122 1166 1298 1226 muliebrem
1332 1174 1364 1227 et

261 1277 400 1338 vehicula
422 1295 502 1354 quae
531 1277 624 1354 pluris
647 1295 740 1354 quam
762 1277 822 1336 XV
851 1276 966 1336 milium
992 1275 1071 1335 aeris
1094 1285 1209 1347 essent,
1245 1273 1363 1351 [decies

259 1382 369 1466 pluris]
392 1387 424 1444 in
446 1403 573 1446 censum
588 1387 701 1446 referre
724 1387 874 1446 iuratores
897 1384 997 1463 (quod
1011 1387 1138 1445 verbum
1151 1385 1363 1446 Mommsenus

260 1505 345 1555 recte
367 1490 482 1572 tuetur)
505 1497 588 1555 iussi.
631 1496 702 1555 Hoc
723 1495 814 1571 igitur
835 1495 965 1572 primum
987 1514 1027 1554 ex
1051 1503 1158 1554 nostro
1179 1495 1249 1554 loco
1272 1495 1364 1554 disci·

259 1623 341 1665 mus:
374 1605 483 1682 singuli
515 1607 596 1664 cives
626 1623 789 1665 censorum
821 1606 966 1665 ministris
1000 1607 1137 1666 rationes
1170 1602 1265 1681 (conf.
1288 1605 1363 1682 legis

260 1716 355 1774 Iuliae
388 1714 580 1791 municipalis
612 1732 718 1774 versus
757 1712 832 1792 147)
865 1715 1057 1784 deferebant,
1092 1715 1124 1774 hi
1151 1733 1253 1774 mrsus
1288 1733 1359 1774 cen·

263 1825 394 1895 soribus;
417 1832 448 1882 et
468 1823 597 1883 ministri
620 1833 651 1882 et
667 1825 748 1884 cives
771 1833 865 1884 antea
887 1823 1038 1895 iurabant,
1062 1825 1145 1883 unde
1160 1825 1201 1884 illi
1215 1833 1363 1884 vocantur

260 1935 408 1994 iuratores
424 1935 453 1992 hi
467 1935 557 1993 iurati
572 1931 644 2011 (leg.
661 1933 757 1994 Iuliae
769 1951 858 1994 versu
874 1937 933 1995 149
950 1951 1062 1994 census
1130 1979 1137 1995 .
1161 1937 1201 1994 ab
1215 1935 1270 1993 ieis
1286 1935 1363 1993 iura-

261 2045 319 2103 ieis
341 2041 496 2121 accipito),
518 2046 584 2103 sine
607 2045 703 2104 dubio
719 2044 791 2122 quia
812 2043 852 2103 illi
874 2045 950 2104 certi
972 2052 1004 2103 et
1026 2043 1183 2103 constituti
1199 2061 1363 2103 censorum

261 2161 349 2214 erant
380 2155 549 2234 adiutores,
582 2155 612 2212 hi
645 2173 716 2213 cum
743 2156 950 2214 censebantur
984 2155 1126 2214 iurabant
1158 2149 1244 2232 (nam
1274 2171 1365 2230 quam

261 2263 472 2322 Mommsenus
484 2264 611 2340 protulit
623 2263 910 2340 interpretationem
926 2263 1177 2334 „Einschworer“
1190 2281 1228 2321 ex
1241 2263 1270 2322 vi
1281 2263 1364 2322 verbi

258 2359 379 2432 ‘iurare'
400 2392 463 2432 non
484 2371 659 2449 adipiscor).
692 2375 811 2433 Eadem
834 2375 999 2433 iuratorum
1021 2375 1065 2434 vis
1087 2374 1118 2432 in
1130 2374 1270 2434 Senecae
1293 2391 1366 2452 apo-

262 2483 451 2560 colocyntosi
479 2483 541 2541 divi
563 2482 674 2542 Claudi
696 2485 712 2556 5
737 2487 753 2544 1
781 2484 945 2545 invenitur:
977 2484 1081 2543 dicam
1108 2484 1194 2560 quod
1224 2484 1298 2542 mihi
1333 2483 1365 2541 in

264 2594 395 2653 buccam
415 2593 548 2652 venerit:
576 2593 644 2669 quis
665 2611 810 2669 umquam
828 2594 869 2652 ab
890 2594 1035 2653 historico
1064 2594 1211 2653 iuratores
1241 2590 1366 2670 exegit?

262 2703 334 2762 Hoc
356 2703 425 2762 loco
452 2705 575 2762 verbum
599 2721 618 2762 a
641 2722 803 2782 censorum
824 2705 968 2764 ministris
984 2705 1094 2782 quibus
1117 2705 1222 2764 iuratis
1245 2703 1275 2762 hi
1290 2720 1364 2764 con·

262 2813 361 2872 fidunt
382 2815 424 2872 ad
446 2815 521 2872 tales
543 2814 684 2873 homines
706 2815 886 2874 translatum
908 2823 956 2874 est
978 2815 1087 2892 quibus
1110 2815 1176 2891 quis
1198 2815 1243 2874 uti
1264 2812 1364 2891 possit

263 2922 393 2981 testibus
416 2925 503 2999 quod
524 2922 695 2982 iuramento
710 2931 745 2982 ut
758 2941 862 2983 verum
876 2925 981 2984 dicant
1002 2934 1073 2983 sunt
1099 2924 1244 2984 obstricti.
1290 2923 1365 3000 Spe·

264 3037 398 3088 ctatores
419 3029 510 3104 igitur
530 3029 580 3088 hic
602 3040 673 3088 sunt
701 3030 861 3100 iuratores,
894 3031 946 3107 qui
978 3032 1099 3109 prologi
1126 3032 1261 3092 rationes
1284 3032 1364 3092 ecci-

262 3138 350 3216 piunt
382 3135 436 3212 (ci.
458 3139 519 3216 leg.
543 3139 637 3198 Iuliae
660 3158 685 3200 v.
703 3141 762 3200 147
783 3140 923 3199 ratr‘onem
944 3141 1097 3219 pecuniae
1120 3186 1127 3202 .
1152 3183 1160 3201 .
1184 3185 1191 3201 .
1227 3138 1362 3217 accipito)

265 3265 303 3307 ac
317 3247 448 3325 primum
461 3266 576 3307 nomen
598 3243 672 3326 (leg.
683 3248 779 3308 Iuliae
791 3268 817 3309 v.
829 3250 888 3309 146
901 3267 1068 3326 eorumque
1079 3249 1204 3309 nomina
1220 3294 1227 3312 .
1245 3243 1277 3329 .),
1300 3258 1365 3309 tum

263 3365 382 3416 ceteras
406 3356 541 3416 rationes
562 3357 591 3416 h.
609 3376 637 3417 e.
659 3359 754 3436 ipsius
777 3360 949 3437 argumenti
972 3359 1209 3420 enarrationem.
1252 3359 1367 3418 Versus

265 3469 304 3528 57
328 3468 436 3526 dubito
461 3486 535 3527 num
567 3470 607 3527 ab
636 3471 750 3528 eodem
772 3469 824 3546 qui
845 3469 903 3528 hos
925 3487 1029 3529 versus
1052 3469 1177 3529 insenrit
1208 3469 1367 3528 confectus
1450 3451 1473 3466 ”

263 3577 317 3637 sit:
351 3577 429 3635 male
459 3595 577 3636 versum
602 3581 640 3639 56
668 3597 798 3639 eversu
820 3581 860 3641 58
891 3579 1036 3656 disiungit
1061 3599 1165 3659 neque
1186 3580 1293 3640 melius
1329 3575 1366 3657 (si

264 3685 456 3763 Geppertum
478 3688 687 3764 sequeremur)
710 3707 736 3748 v.
761 3691 800 3750 58
820 3678 965 3766 ‘operam
987 3675 1076 3748 date’
1100 3691 1139 3749 ab
1161 3690 1228 3765 ipsa
1243 3707 1367 3749 enarra·

263 3795 348 3854 tione
364 3802 544 3855 secerneret.
580 3795 617 3853 In
633 3811 722 3854 versu
738 3795 806 3872 ipso
818 3804 940 3872 praeter
950 3795 1101 3855 Ritscheli
1116 3795 1365 3856 emendationem

260 3893 351 3964 ‘suos
379 3900 477 3964 sibist'
513 3904 683 3964 mutatione
710 3923 787 3984 opus
815 3923 879 3965 non
906 3913 973 3965 est:
1009 3923 1082 3964 nam
1111 3906 1198 3982 quod
1223 3905 1365 3965 Loewius

263 4014 342 4073 anal.
364 4032 434 4090 pag.
447 4016 487 4075 45
501 4015 660 4093 proposuit
678 4003 864 4089 ‘arbiterio'‚
888 4017 928 4076 de
951 4014 1066 4074 iudicio
1087 4013 1248 4074 iudiciario
1264 4014 1363 4074 verbis

260 4109 469 4184 ‘censebitur’
481 4133 513 4184 et
528 4110 709 4185 ‘iuratores'
720 4134 827 4184 notam
837 4125 939 4185 inferri
954 4124 1156 4194 contendens,
1169 4124 1278 4184 falsum
1292 4142 1363 4184 esse

266 4251 304 4293 ex
331 4232 368 4292 iis
396 4251 477 4312 quae
510 4251 601 4316 supra
631 4235 760 4317 exposui
792 4243 930 4319 apparet.
986 4233 1096 4316 Neque
1129 4234 1227 4314 magis
1260 4236 1363 4316 placet
