3138 4896
760 321 793 376 15

226 515 329 576 neque
363 500 463 558 versui
504 499 562 559 121
600 515 702 574 neque
734 517 761 559 v.
794 481 852 558 124
882 499 967 556 locus
998 506 1055 560 est.
1110 497 1208 558 Recte
1239 500 1330 577 igitur

226 603 267 686 (si
298 610 414 686 excipis
447 628 473 670 v.
508 603 583 685 126)
622 626 730 666 omnes
766 607 823 665 hos
861 625 966 666 versus
1001 609 1107 667 reiecit
1141 608 1174 670 C.
1212 611 1246 671 F.
1281 611 1327 673 W.

227 720 393 778 Muellerus
403 715 437 796 1).
492 719 555 776 Sed
586 720 617 776 in
644 718 718 792 ipsis
744 717 790 774 his
814 718 950 775 versibus
973 719 1110 777 diversas
1133 721 1327 778 recensiones

226 830 416 904 distinguere
442 845 616 905 possumus,
645 828 677 884 in
704 828 813 904 quibus
844 819 1069 886 constit'uendis
1098 848 1117 886 a
1145 826 1327 905 Seyfferto2)

225 956 289 996 non
321 938 451 996 multum·
480 937 620 994 discedo.
677 935 747 994 Hoc
779 937 860 993 enim
892 937 988 994 modo
1016 951 1121 995 versus
1149 939 1326 996 discernere

226 1048 329 1106 velim:

312 1159 367 1215 121
391 1157 418 1215 is
440 1157 534 1216 hodie
554 1155 617 1222 huc
639 1157 740 1214 veniet
761 1157 957 1235 reperietque
980 1155 1030 1214 hic
1052 1156 1127 1213 filias

394 1275 425 1323 et
448 1266 529 1323 hunc
553 1267 599 1323 sui
622 1266 722 1325 fratris
743 1267 845 1340 filium,
870 1276 904 1325 ut
918 1267 1045 1342 quidem
1066 1266 1161 1323 didici
1183 1283 1242 1340 ego

394 1393 451 1450 ego
474 1377 525 1434 ibo
549 1377 692 1445 ornabor‚
715 1395 768 1434 vos
791 1395 892 1453 aequo
914 1377 1017 1434 aninio
1040 1377 1162 1433 noscite

759 1496 792 1546 et

315 1597 372 1654 124
395 1596 446 1654 hic
467 1597 519 1672 qui
541 1597 635 1655 hodie
658 1599 761 1656 veniet
782 1598 914 1674 reperiet
935 1613 1007 1655 suas
1029 1596 1106 1654 filias

393 1714 425 1763 et
447 1705 529 1764 hunc
552 1707 599 1766 sui
621 1706 720 1765 fratris
742 1706 844 1766 filium.
867 1706 980 1764 dehinc
1002 1714 1137 1762 ceterum

313 1817 370 1874 127
395 1817 481 1892 quod
502 1825 598 1876 restat
620 1825 737 1875 restant
760 1817 810 1874 alii
833 1818 885 1892 qui
907 1816 1022 1874 iaciant
1045 1816 1154 1890 palam.

395 1927 494 1986 valete
518 1934 611 2002 atque
635 1927 779 1984 adiuvate
802 1935 835 1983 ut
857 1943 911 1982 vos
933 1932 1034 1982 servet
1057 1925 1147 1983 salus.

227 2032 275 2090 De
298 2051 384 2091 versu
411 2035 468 2094 126
500 2053 553 2092 cur
584 2035 673 2093 aliter
704 2053 740 2092 ac
762 2035 927 2110 Seyffertus
950 2033 1091 2108 sentiam,
1123 2050 1161 2089 ea
1182 2031 1326 2106 imprimis

225 2152 274 2200 est
296 2161 400 2212 causa,
419 2145 504 2219 quod
526 2163 552 2204 v.
579 2147 654 2206 127:

395 2310 399 2322 ,
503 2261 620 2312 restant
641 2255 691 2313 alii
714 2254 766 2330 qui
788 2253 902 2313 saciant
918 2239 1027 2330 'palam

227 2369 259 2418 et
280 2380 309 2418 v.
332 2363 408 2422 126:
671 2365 747 2422 alius
770 2381 853 2422 nunc
873 2361 937 2422 fieri
957 2365 1034 2422 volo'

226 2487 289 2528 non
311 2472 391 2529 bene
414 2481 536 2530 coeunt.

325 2580 377 2639 Ad
398 2581 479 2639 hunc
503 2582 595 2657 igitur
616 2584 777 2658 prologum
798 2583 859 2642 iam
882 2582 1022 2658 perducti
1044 2597 1161 2642 sumus:
1192 2582 1333 2641 5948:

194 2726 197 2736 ·
226 2689 359 2748 83-90.
384 2692 515 2751 93-»98Ι
540 2693 715 2750 101-117.
742 2693 809 2752 126.
859 2691 922 2748 Sed
942 2707 982 2748 ne
1004 2690 1085 2749 hunc
1106 2691 1233 2766 quidem
1254 2708 1325 2765 pro-

226 2798 329 2873 logum
351 2800 448 2874 qualis
470 2818 551 2857 nunc
572 2801 697 2876 quidem
717 2789 819 2858 exstat
840 2817 858 2855 e
878 2799 978 2858 Plauti
998 2800 1138 2856 manibus
1153 2799 1325 2875 profectum

122 2985 124 2988 Ι
228 2923 296 2963 esse
326 2908 562 2965 concedendum
589 2917 646 2967 est.
702 2907 781 2969 Nam
811 2909 930 2966 etiamsi
958 2926 1059 2984 neque
1084 2894 1326 2967 ‘Acheruntem'

228 3016 308 3073 verbi
338 3033 481 3074 mensura
513 3017 651 3092 impedit,
685 3035 755 3074 cum
788 3017 824 3077 Α.
860 3011 1091 3094 Spengeliumi)
1125 3025 1207 3074 recte
1227 3005 1323 3076 ‘abit‘

229 3127 411 3182 emendasse
433 3126 484 3199 qui
513 3126 705 3201 praecedunt
726 3143 830 3183 versus
863 3127 1075 3184 demonstrent
1107 3144 1209 3202 neque
1238 3143 1326 3202 prae·

226 3235 337 3308 positio
361 3252 431 3291 cum
453 3234 512 3292 hoc
534 3236 627 3292 verbo
650 3236 814 3294 coniuncta
838 3235 875 3295 ci.
888 3235 1054 3294 Muellerus
1076 3253 1156 3310 pros.
1178 3253 1250 3311 pag.
1264 3237 1323 3294 382
1426 3317 1428 3322 Ι

226 3340 308 3416 (cum
331 3343 389 3401 hac
412 3362 444 3400 re
467 3344 690 3402 conferendum
712 3346 842 3414 videtur,
877 3346 962 3420 quod
990 3345 1085 3402 etiam
1108 3354 1255 3408 terrarum
1277 3344 1324 3401 vel

227 3452 344 3510 urbium
378 3455 536 3512 nominum
569 3463 721 3514 structura
751 3453 891 3512 Plautina
921 3455 1090 3513 admodum
1126 3454 1221 3511 dubia
1250 3449 1324 3528 est),

227 3568 331 3618 tamen
355 3580 382 3621 v.
406 3563 444 3621 66
473 3579 529 3637 sqq
564 3581 665 3640 quam
690 3564 839 3620 maximos
872 3563 961 3620 nobis
988 3563 1123 3620 obiciunt
1155 3562 1324 3638 scrupulos.

227 3667 305 3726 Nam
316 3671 446 3745 primum
462 3690 488 3730 v.
505 3672 560 3731 66:
581 3661 675 3748 ‘puer
690 3657 885 3748 septuennis'
908 3673 1081 3748 obloquitur
1096 3689 1122 3732 v.
1134 3671 1178 3729 IV
1190 3674 1238 3738 2,7
1243 3673 1261 3730 9
1274 3688 1323 3746 sq:

531 3801 534 3808 ·
643 3798 715 3840 nam
737 3799 807 3838 erus
829 3798 915 3838 meus
937 3780 1157 3855 Agorastocles
1239 3757 1241 3762 ‚

376 3890 492 3948 ibidem
513 3898 648 3964 gnatust,
670 3890 745 3948 inde
767 3897 889 3966 surptus
912 3889 975 3947 sere
998 3889 1159 3962 sexennis;

228 3998 419 4006 —n-——-——---

327 4038 354 4104 1)
372 4054 444 4104 pros.
464 4037 548 4090 Plaut.
567 4054 628 4104 pag.
649 4037 710 4090 508.

325 4131 354 4200 2)
374 4133 442 4186 stud.
462 4134 547 4186 Plaut.
566 4149 625 4200 pag.
649 4133 690 4185 ll.

326 4227 355 4296 8)
374 4231 404 4281 T.
424 4231 542 4280 Maccius
561 4231 673 4280 Plautus
694 4245 754 4296 pag.
774 4229 816 4282 69.
