3138 4896
762 331 797 384 39

229 509 344 579 studet,
378 527 469 585 quem
500 509 637 586 sequitur
658 509 898 572 Brachmannus.
951 510 993 568 At
1025 511 1124 586 plures
1155 527 1253 587 nuper
1274 511 1328 569 viri

229 619 316 679 docti
336 619 473 679 oblocuti
495 628 579 680 sunt:
603 618 750 696 Bergkius
773 618 845 694 phil.
861 620 898 678 31
916 637 987 696 pag.
1006 623 1066 681 244
1088 628 1120 678 et
1134 620 1327 696 Brugmanus

229 722 505 808 (quemadmodum
526 729 557 786 in
579 729 709 787 iambico
732 729 854 786 senario
877 729 1010 788 Romani
1025 738 1143 788 veteres
1166 732 1327 790 verborum

229 846 375 898 accentus
399 857 467 898 cum
489 840 622 896 numeris
644 839 858 909 consociarint,
882 838 960 898 thes.
985 837 1025 913 1),
1048 839 1099 914 qui
1118 841 1201 915 quod
1218 857 1326 898 omnes

229 956 352 1006 ceterae
375 943 473 1008 Plauti
490 957 522 1006 et
533 948 659 1007 Terenti
681 947 803 1006 fabulae
819 948 946 1006 canticis
967 948 1110 1007 finiantur
1126 949 1327 1024 posteriorem

230 1059 338 1117 Plauto
372 1059 520 1129 tribuunt,
549 1068 582 1118 et
609 1059 784 1136 Stephanus
815 1053 867 1136 (de
889 1057 1066 1117 Pithoeanis
1099 1058 1131 1116 in
1152 1058 1328 1116 Iuvenalem

228 1169 352 1228 scholiis
374 1169 452 1230 thes.
481 1163 538 1247 ΙΙΙ)
566 1169 753 1256 argumentis
779 1169 874 1240 nisus,
903 1177 937 1226 ut
964 1168 1048 1237 dicit,
1082 1185 1120 1225 ex
1148 1185 1329 1237 scaenarum

229 1293 371 1335 sermone
404 1284 436 1335 et
466 1284 531 1334 arte
564 1276 678 1351 petitis.
734 1275 815 1334 Sane
848 1294 886 1334 ex
923 1276 1067 1353 Hespero
1102 1294 1165 1334 non
1199 1277 1328 1335 multum

230 1387 388 1447 discimus:
424 1387 537 1463 pagina
557 1387 596 1446 25
620 1402 711 1461 quarn
737 1385 915 1444 brevissime
945 1386 988 1444 ait
1009 1387 1141 1462 priorem
1168 1394 1231 1444 tam
1253 1404 1328 1444 -esse

227 1495 449 1574 praestabilem
463 1503 527 1553 tam
539 1495 683 1570 singulari
698 1503 763 1552 arte
780 1494 904 1565 factum,
921 1503 984 1553 tum
1000 1496 1031 1552 in
1046 1513 1163 1554 summa
1178 1496 1327 1555 brevitate

230 1606 414 1664 concinnum
435 1613 526 1663 utne
546 1623 640 1681 posse
657 1605 782 1680 quidem
803 1604 845 1664 ,ab
865 1604 1007 1662 inferiore
1022 1613 1118 1680 poeta
1141 1606 1327 1681 compositus

228 1733 299 1774 esse
320 1716 475 1772 videatur:
500 1713 627 1772 alterum
644 1715 850 1772 verbosiorem
866 1732 958 1790 quam
979 1715 1163 1789 pressiorem
1185 1715 1328 1788 frigidum

228 1825 341 1883 habere
365 1824 490 1882 iocandi
511 1841 610 1900 genus
633 1833 665 1882 et
688 1825 892 1883 sermonibus.
907 1843 970 1882 non
992 1825 1156 1882 commode
1185 1825 1265 1881 inter
1294 1842 1327 1882 se

229 1934 307 2009 aptis
340 1934 524 1993 claudicare.
569 1932 695 1990 Vtinam
718 1931 854 2008 pluribus
879 1933 967 1991 nobis
1002 1934 1196 2009 exposuisset
1218 1932 1327 2008 quibus

228 2038 351 2102 mendis
374 2045 450 2102 alter
472 2039 603 2101 laboret!
1303 2030 1308 2040 '

327 2153 481 2212 Accurate
500 2153 592 2226 igitur
611 2160 771 2227 utrumque
799 2153 915 2210 exitum
944 2169 1191 2228 percenseamus,
1214 2151 1327 2227 quain

157 2300 159 2305 ·
228 2280 369 2338 requam
389 2263 521 2320 maxime
544 2263 722 2320 adiuvamur
736 2261 940 2319 Brachmanni
960 2262 1023 2320 acri
1045 2263 1086 2319 de
1108 2261 1232 2336 singulis
1255 2279 1323 2336 par·
1365 2333 1367 2338 ι

228 2373 309 2430 tibus
331 2373 454 2434 iudicio,
512 2373 612 2431 Recte
642 2381 674 2430 et
696 2371 869 2448 Stephanus
892 2379 924 2428 et
946 2371 1174 2431 Brachmannus
1201 2390 1327 2448 perspe-

228 2492 336 2540 xerunt
369 2501 388 2540 a
420 2500 553 2540 scaenae
584 2483 612 2540 V
644 2485 663 2543 5
695 2501 722 2544 v.
761 2483 800 2541 36
833 2481 994 2556 gemellum
1027 2483 1161 2558 incipere
1194 2483 1326 2540 exitum:

228 2591 457 2650 Antamonidae
474 2593 618 2651 conviciis
630 2593 817 2651 Hannonem
832 2592 951 2668 petenti
965 2592 1095 2668 primum
1109 2592 1326 2666 Agorastocles

228 2699 358 2759 fustibus
374 2701 516 2758 timorem
527 2701 624 2784 inicit,
648 2711 712 2759 tum
727 2701 919 2758 Anterastilis
940 2716 1010 2757 eum
1025 2700 1065 2757 de
1080 2699 1174 2774 patris
1190 2701 1326 2757 adventu

228 2811 387 2868 certiorem
409 2810 492 2869 facit.
535 2810 569 2867 ln
592 2810 653 2866 fine
676 2827 807 2868 scaenae
830 2807 871 2882 (V
886 2808 919 2884 5)
938 2810 1202 2885 perturbationem
1223 2809 1325 2866 inesse

227 2940 244 2977 e
268 2921 381 2995 duplici
404 2920 585 2978 recensione
610 2928 708 2977 ortam
728 2919 793 2975 iure
816 2920 988 2994 suspicatus
1011 2927 1058 2976 est
1079 2917 1324 2978 Brachmannus:

226 3046 303 3086 unus
326 3029 456 3104 quisque
492 3029 738 3104 adstipulabitur,
771 3036 804 3086 ut
834 3030 865 3086 in
888 3027 1092 3086 Palatinorum
1115 3047 1141 3086 v.
1165 3031 1204 3087 51
1234 3037 1266 3087 et
1287 3031 1326 3088 52

227 3138 271 3196 sic
293 3138 386 3196 etiam
410 3138 440 3194 in
463 3138 500 3195 iis
523 3155 601 3212 quos
623 3136 663 3221 A,⁷
684 3146 819 3196 ceterum
841 3147 874 3195 ut
900 3137 1021 3195 videtur
1042 3137 1080 3194 ab
1112 3137 1168 3195 illis
1201 3137 1328 3214 alienos,

228 3242 382 3304 substituit
402 3237 478 3305 ‘sed
492 3265 599 3306 eccum
614 3248 757 3305 lenonem
768 3243 896 3322 Lycum'
922 3245 1075 3305 servatum
1090 3263 1160 3304 esse
1182 3257 1327 3322 reputans

229 3351 323 3431 (quae
345 3355 437 3414 verba
459 3371 532 3413 num
555 3355 586 3412 in
607 3354 635 3412 A
657 3355 702 3412 sic
734 3362 767 3412 ut
785 3337 828 3411 ¹in
855 3355 990 3411 editione
1024 3345 1183 3429 proposuit
1205 3371 1329 3413 versum

227 3464 375 3540 incipiant
407 3465 437 3522 in
459 3466 541 3525 stud.
563 3463 660 3524 Plaut.
691 3481 762 3540 pag.
789 3465 848 3523 145
872 3462 992 3520 dubitat
1014 3458 1210 3540 Geppertus).
1264 3463 1328 3521 Ad·

227 3556 363 3632 dendum
384 3582 432 3632 est
447 3576 534 3650 quod
549 3592 650 3650 neque
670 3574 766 3632 ultimi
782 3590 886 3630 versus
908 3572 940 3629 in
954 3580 1091 3638 nostram
1114 3572 1328 3630 redactionem

226 3686 388 3760 quadrant.
444 3683 553 3760 Neque
577 3685 657 3741 enim
679 3683 751 3740 mihi
783 3683 886 3759 placet
908 3682 953 3740 his
976 3682 1113 3740 versibus
1137 3681 1328 3740 Hannonem

227 3803 330 3852 vetare
366 3794 601 3871 Agorastoclem
641 3794 783 3850 lenonem
805 3769 846 3849 in
877 3792 922 3849 ius
954 3808 1070 3866 rapere,
1119 3791 1224 3866 paucis
1256 3808 1327 3849 vero

226 3903 363 3960 versibus
394 3913 466 3980 post
499 3904 655 3978 sequentis
689 3919 820 3960 scaenae
856 3901 940 3958 initio
975 3909 1006 3958 et
1028 3900 1262 3976 Agorastoclem
1296 3908 1327 3957 et

227 4011 367 4089 patruom
389 4022 495 4071 tamen
516 4012 576 4071 hoc
598 4012 759 4070 consilium
782 4011 909 4086 exsequi
932 4019 985 4069 aut
1007 4018 1092 4068 certe
1115 4009 1264 4068 simulare.

326 4120 478 4180 Finienda
505 4123 596 4196 igitur
624 4137 740 4179 scaena
761 4139 787 4180 v.
813 4123 868 4180 52:
902 4120 1099 4195 consequitur
1121 4119 1194 4196 Lyci
1227 4119 1325 4177 oratio

227 4231 462 4292 Plautinissima.
506 4232 542 4292 lu
563 4233 622 4293 hac
643 4216 758 4293 scaena
780 4249 843 4290 non
865 4231 964 4290 minus
986 4239 1072 4290 recte
1094 4230 1324 4292 Brachmannus
