3138 4896
793 303 826 362 16

259 493 290 544 et
305 506 333 548 v.
347 484 376 543 V
389 489 418 554 2,
433 488 490 546 27:
511 473 584 562 ‘qui
599 486 672 545 illim
694 487 837 546 sexennis
859 485 1001 562 perierim
1012 483 1198 560 Carthagine
1205 467 1224 546 ³.
1257 485 1359 562 Atque

257 615 298 660 ne
321 604 421 654 mutes
444 595 504 654 hoc
520 596 645 654 verbum
668 612 705 654 ea
724 613 774 652 res
796 595 948 672 prohibet,
972 596 1057 671 quod
1073 597 1125 671 qui
1147 605 1358 670 argumentum

258 704 461 764 acrostichum
483 705 666 780 composuit,
688 705 719 762 in
742 711 848 762 nostro
874 703 1002 780 prologo
1025 703 1105 762 huuc
1127 721 1247 764 versum
1277 705 1357 779 legit,

257 815 327 874 vide
349 833 376 876 v.
401 818 436 874 1:

464 941 540 999 puer
561 922 740 999 septuennis
765 922 922 998 surripitur
946 919 1140 998 Carthagine.

357 1032 522 1091 Praeterea
544 1050 651 1091 senem
677 1021 760 1090 illum
781 1049 879 1108 puero
914 1038 1054 1108 surrepto
1084 1032 1192 1090 morbo
1214 1031 1357 1090 affectum

258 1160 326 1200 esse
362 1142 414 1219 qui
444 1149 516 1217 post
561 1159 614 1200 sex
648 1158 748 1200 annos
781 1158 852 1200 eum
885 1147 1083 1200 consumeret
1114 1142 1180 1216 quis
1214 1159 1358 1218 umquam

257 1247 383 1310 credet?
432 1251 519 1324 Quas
545 1250 676 1326 ineptias
702 1248 973 1308 Menaechmorum
1001 1250 1120 1326 prologi
1153 1260 1248 1327 poeta
1277 1253 1359 1327 quis-

258 1363 326 1438 quis
349 1361 405 1419 luit
428 1361 553 1418 feliciter
576 1360 711 1429 evitavit,
735 1359 773 1420 ef.
795 1377 823 1418 v.
850 1362 885 1420 15

779 1486 878 1546 eaque
901 1469 925 1526 is
945 1469 1138 1544 aegritudine

455 1580 562 1657 paucis
584 1579 694 1637 diebus
714 1586 786 1656 post
808 1578 936 1637 Tarenti
959 1558 1139 1639 emortuost.

359 1691 487 1750 Etiamsi
500 1691 591 1765 igitur
603 1690 742 1748 dolemus
758 1690 843 1764 quod
858 1706 962 1748 verum
977 1691 1206 1765 genuinumque
1221 1688 1358 1747 Plautum

257 1803 340 1860 nullo
362 1802 432 1859 loco
448 1800 717 1878 deprehendimus,
740 1807 844 1857 tamen
860 1795 939 1856 haec
957 1817 1012 1875 pro
1029 1807 1114 1858 certo
1137 1799 1254 1857 eruisse
1268 1799 1357 1857 nobis

245 1911 410 1968 ¹videmur:
454 1908 536 1985 prior
572 1925 643 1984 pars
687 1907 773 1966 cuius
815 1905 929 1982 duplex
974 1906 1114 1965 recensio
1136 1916 1247 1979 exstat,
1287 1916 1358 1984 post

258 2028 426 2078 extremam
449 2012 481 2096 (a
502 2038 528 2078 v.
551 2013 606 2093 49)
631 2017 753 2075 adiecta
775 2025 835 2087 est;
858 2017 910 2093 qui
936 2017 1135 2074 intercedunt
1159 2034 1263 2076 versus
1285 2035 1357 2076 con·

189 2201 190 2206 ἵ
259 2125 361 2202 quisiti
383 2134 454 2182 sunt
476 2141 514 2181 ex
535 2125 600 2182 aliis
625 2124 743 2193 fabulis,
770 2125 862 2200 pauci
884 2124 1014 2184 fortasse
1038 2143 1076 2182 ex
1098 2126 1222 2201 iugenio
1243 2135 1356 2203 poetae

259 2234 403 2301 adiuncti,
441 2234 673 2315 grammaticum
702 2252 775 2291 vero
806 2233 879 2291 nulli
910 2234 1063 2303 indicant;
1105 2252 1175 2310 pars
1209 2235 1359 2310 posterior

258 2362 355 2420 usque
388 2346 429 2400 ad
452 2361 478 2403 v.
502 2345 563 2403 118
590 2343 825 2402 vetustissimam
860 2344 995 2401 ostendit
1027 2345 1253 2407 recensionem:
1285 2362 1357 2403 num

259 2453 368 2522 Plauti,
402 2454 570 2511 admodum
603 2453 743 2522 dubium;
783 2454 911 2512 extremi
943 2471 1048 2512 versus
1085 2454 1194 2512 itemm
1228 2455 1358 2513 duarum

257 2563 470 2624 recensionum
495 2561 623 2636 vestigia
648 2579 722 2636 prae
753 2579 787 2620 se
810 2562 917 2624 ferunt.
971 2563 1008 2621 In
1030 2571 1097 2620 toto
1119 2562 1210 2638 igitur
1229 2564 1358 2640 prologo

258 2673 413 2732 minimum
435 2672 525 2730 trium
546 2670 699 2728 actionum
720 2670 833 2728 indicia
855 2680 925 2730 sunt
947 2673 1157 2747 agnoscenda.

617 3279 758 3341 CAPUT
782 3281 997 3344 ALTERUM.

259 3433 331 3506 DE
361 3432 587 3508 POENULI
617 3436 1061 3512 RETRACTATIONE
1092 3437 1158 3510 ET
1183 3435 1355 3510 INTER·

652 3570 962 3646 POLATIONE.

359 3767 468 3835 Liceat
488 3795 550 3837 uno
572 3780 674 3856 capite
693 3779 748 3838 has
771 3781 849 3839 duas
865 3779 1063 3858 quaestiones
1083 3778 1355 3856 comprehendere,

258 3892 292 3941 et
315 3890 349 3941 ut
372 3885 540 3961 disputatio
570 3891 741 3948 secundum
763 3907 944 3948 scaenarum
973 3889 1112 3948 ordinem
1132 3889 1292 3965 procedat,
1325 3896 1357 3947 et

259 3992 329 4067 quia
351 4011 414 4051 non
435 4011 557 4070 semper
577 4014 633 4072 pro
658 4005 742 4054 certo
766 3996 926 4055 diiudicari
947 4005 1061 4073 potest,
1084 3999 1142 4056 utri
1163 3998 1269 4074 generi
1290 4016 1357 4056 cor·

259 4103 392 4178 ruptelas
415 4102 538 4164 tribuas.
589 4103 637 4162 De
660 4105 799 4164 omnibus
819 4114 922 4165 autem
944 4107 1128 4183 quicumque
1152 4106 1213 4166 iam
1235 4106 1356 4167 tractati

258 4219 329 4271 sunt
339 4212 414 4270 locis
425 4231 475 4270 me
488 4229 551 4270 non
566 4232 635 4272 esse
648 4215 876 4290 disputaturum
896 4217 987 4276 scito:
1002 4234 1059 4274 eos
1073 4224 1192 4276 tantum
1207 4217 1356 4292 attingam
