3138 4896
629 773 732 850 Vita
757 774 985 872 scriptoris.

761 983 860 991 ——-.-.

360 1126 458 1185 Natus
493 1145 561 1187 sum
580 1127 720 1186 ·'Carolus
754 1128 889 1187 Schueth
923 1129 975 1186 die
1008 1127 1083 1186 XVI
1115 1127 1229 1185 mensis
1265 1125 1359 1185 Octo-

261 1238 321 1295 bris
347 1255 375 1298 a.
407 1236 435 1298 h.
473 1255 497 1298 s.
535 1237 608 1294 LXI
644 1237 781 1307 Bonnae‚
820 1246 908 1314 patre
949 1237 1115 1295 Francisco
1153 1237 1229 1294 Iulio
1268 1255 1358 1311 quem

260 1347 379 1422 lugubri
402 1347 465 1404 lato
481 1347 541 1404 iam
561 1363 658 1422 puero
674 1355 814 1422 ereptum
838 1364 908 1404 esse
921 1347 1120 1403 vehementer
1136 1346 1239 1415 doleo,
1261 1354 1359 1403 matre

261 1455 425 1513 Catharina
440 1473 458 1510 e
472 1464 567 1530 gente
581 1455 821 1530 Schoenenberg
836 1455 940 1513 adhuc
956 1455 1129 1529 superstite.
1164 1455 1275 1512 Fidem
1288 1471 1359 1530 pro-

260 1564 545 1625 fiteorcatholicam.
563 1563 750 1623 Litterarum
759 1565 918 1622 elementis
927 1565 1062 1621 imbutus
1074 1580 1155 1622 anno
1163 1563 1267 1620 LXXI
1275 1581 1359 1640 gym-

260 1674 380 1732 nasium
401 1674 519 1749 patriae
542 1674 604 1730 adii
626 1683 692 1731 tum
712 1674 874 1751 Iosepho
896 1673 1045 1731 Kleinio
1074 1691 1157 1732 nunc
1179 1673 1359 1748 Angusto

263 1784 484 1861 Waldeyero
521 1785 673 1842 directore
710 1784 833 1852 florem,
870 1785 902 1841 in
936 1801 996 1858 quo
1031 1802 1100 1840 cum
1133 1783 1262 1841 aliorum
1294 1791 1358 1839 tum

261 1893 354 1970 Buysi
364 1903 397 1952 et
409 1893 534 1951 Gieseni
550 1895 673 1970 egregia
685 1911 758 1950 usus
774 1912 841 1952 sum
854 1893 1025 1968 disciplina.
1048 1893 1129 1953 Vere
1144 1893 1217 1950 anni
1228 1892 1359 1950 LXXIX

261 2004 437 2062 testimonio
452 2003 634 2061 maturitatis
656 2003 821 2061 instructus
844 2003 923 2059 inter
945 2002 1045 2060 almae
1067 2010 1191 2058 nostrae
1206 2019 1360 2060 musarum

261 2115 343 2171 sedis
366 2114 447 2170 cives
470 2113 641 2187 adscriptus
669 2131 746 2182 sum,
777 2113 862 2170 cuius
889 2084 1177 2196 disciplinamque
1207 2113 1249 2169 ad
1279 2112 1361 2169 hunc

260 2224 342 2280 diem
364 2222 421 2279 frui
436 2221 508 2279 mihi
531 2222 622 2281 licuit.
659 2221 840 2280 Docuerunt
856 2241 906 2280 me
921 2222 974 2278 viri
994 2196 1161 2306 clarissumi
1184 2221 1359 2296 Bernays,

258 2331 451 2404 Bischoff,
506 2331 735 2402 Buecheler,
795 2333 832 2392 R.
877 2331 1038 2398 Kekule,
1089 2331 1217 2418 Klein,
1269 2330 1359 2400 Lea,

262 2441 467 2508 Luebbert,
498 2439 836 2510 Maurenbrecher‚
867 2439 900 2500 C.
923 2440 1085 2512 Menael',¹
1111 2439 1134 2500 I.
1157 2440 1192 2500 Β.
1217 2439 1359 2516 Meyer,

263 2549 462 2618 Schaeler,
485 2549 639 2609 Vsener.
675 2549 843 2626 Postquam
861 2551 893 2606 in
908 2523 1128 2625 proseminario
1144 2550 1228 2625 quod
1250 2550 1361 2607 dicitur

262 2657 445 2734 philologico
473 2674 528 2731 per
556 2657 618 2713 duo
645 2656 825 2713 semenstria
852 2654 959 2712 Leone
986 2665 1190 2732 praeceptore
1218 2659 1359 2732 antiquos

262 2766 388 2824 tractavi
418 2766 589 2841 scriptores
623 2774 656 2822 ut
685 2765 717 2822 in
749 2765 945 2823 seminarium
972 2767 1123 2842 reciperer
1152 2768 1281 2843 eiusque
1307 2785 1362 2844 per

261 2876 317 2932 tria
365 2875 545 2932 semenstria
591 2875 706 2932 sodalis
753 2892 853 2932 essem
896 2875 1067 2934 ordinarius
1093 2879 1095 2888 ’
1117 2874 1362 2945 Buecheleri‚

262 2983 481 3053 Luebberti,
502 2983 663 3041 Vseneri
685 2982 831 3057 singulari
846 3002 919 3059 erga
941 3003 992 3041 me
1011 2984 1229 3044 benevolentia
1244 2986 1359 3044 factum

262 3103 318 3154 est.
367 3094 535 3152 Seminario
557 3094 702 3152 historico
733 3095 858 3152 comiter
879 3113 929 3152 me
952 3095 1143 3152 admiserunt
1165 3093 1199 3158 C.
1214 3095 1361 3157 Menzel

262 3213 294 3261 et
316 3203 461 3262 Schael
466 3222 521 3273 er,
544 3221 600 3279 per
615 3220 708 3260 unum
723 3203 782 3270 ille,
805 3202 853 3260 hic
866 3221 921 3279 per
932 3205 996 3261 duo
1014 3177 1203 3266 semenstria.
1242 3205 1362 3278 Quibus

262 3314 330 3371 viris
362 3314 503 3371 omnibus
536 3313 651 3388 optime
684 3314 725 3370 de
764 3330 813 3370 me
842 3315 955 3371 meritis
988 3331 1121 3371 summas
1153 3333 1212 3388 ago
1248 3315 1360 3388 gratias

263 3440 444 3498 semperque
462 3439 561 3496 agam.
587 3421 754 3497 Praecipue
770 3438 841 3478 vero
857 3422 1146 3491 Buechelerum‚
1176 3421 1360 3481 Luebber-

263 3539 353 3601 tum,
375 3523 577 3590 Vseneru'm
599 3540 687 3606 grata
710 3548 831 3606 semper
851 3531 950 3590 colam
973 3533 1127 3592 memoria.
