3138 4896
759 326 794 380 45

325 504 403 564 Cum
416 511 515 563 'versu
537 504 644 582 quinto
677 499 722 563 ‘in
745 502 802 564 sud
822 503 937 582 quique
959 505 1029 564 loco
1051 505 1112 564 sita
1125 491 1252 564 munde'
1273 503 1327 564 viri

228 616 323 674 critici
332 611 357 694 1)
379 616 460 674 hene
483 623 737 691 comparaverunt
758 615 818 676 Tit.
842 617 903 675 130
926 611 997 690 (Rlz

269 723 378 783 vertite
398 719 513 805 <mi>2)
537 725 625 784 aedis
648 721 783 802 spargite
806 725 922 782 munde
947 724 1039 784 facite
1061 720 1093 782 in
1116 741 1172 782 suo
1194 723 1307 800 quique

1007 834 1078 893 loco
1099 831 1134 893 dt
1158 834 1216 892 sita
1238 834 1307 894 sint.

325 966 352 1009 v.
380 949 398 1007 6
430 946 510 1006 inter
539 946 714 1005 octonarios
743 945 960 1022 anapaesticos
992 947 1112 1022 positus
1133 963 1197 1003 non
1219 945 1328 1003 dubito

227 1055 300 1132 quin
329 1057 431 1114 eidem
464 1065 562 1114 metro
595 1057 634 1114 sit
666 1057 830 1132 aptandus.
893 1055 989 1128 Quod
1020 1054 1200 1130 Spengelius
1230 1073 1329 1131 nuper

228 1166 389 1241 temptavit
412 1163 443 1241 (ll
465 1185 536 1243 pag.
561 1163 644 1242 394),
666 1151 868 1254 ‘munimus'
892 1167 938 1224 vel
960 1165 1033 1223 ideo
1055 1183 1118 1224 non
1133 1165 1245 1241 placet,
1258 1165 1329 1240 quia

228 1273 356 1333 Graecis
385 1271 555 1352 μυρρίνεος
598 1293 661 1354 quo
688 1275 738 1333 hic
769 1275 874 1333 nititur
901 1274 965 1332 sere
1004 1283 1052 1332 est
1078 1274 1268 1351 incognitum
1290 1274 1329 1334 cf.

230 1384 376 1459 Stephani
399 1384 476 1447 thes.
501 1403 523 1445 s.
539 1384 569 1444 h.
586 1403 612 1444 v.
637 1383 802 1442 Praeterea
822 1369 915 1462 ‘que'
937 1386 1065 1443 voculae
1088 1385 1138 1442 hic
1160 1385 1246 1442 locus
1268 1403 1330 1442 non

229 1503 285 1568 est,
308 1512 381 1551 narn
402 1503 436 1552 ut
451 1493 567 1552 Plinius
575 1489 600 1569 Β)
623 1494 716 1552 refert
733 1493 872 1571 myrrhae
887 1495 1023 1552 maxime
1038 1513 1076 1552 ex
1091 1493 1206 1552 Arabia
1221 1511 1331 1569 appor-

229 1604 382 1674 tabantur‚
414 1604 492 1662 sicut
519 1611 551 1661 et
580 1612 629 1661 tus
652 1603 690 1663 cs.
714 1603 808 1663 Truc.
830 1606 941 1680 539sq
963 1623 1002 1662 ex
1025 1603 1205 1662 Buecheleri
1227 1621 1331 1660 emen·

230 1713 373 1787 datione;
396 1731 498 1788 neque
520 1713 551 1770 in
574 1713 778 1771 Ambrosiano
801 1721 834 1770 ut
855 1713 1041 1772 Ritschelius
1064 1715 1195 1772 adnotat
1210 1708 1330 1788 (opusc.

228 1820 258 1878 lI
269 1840 339 1898 pag.
356 1819 431 1898 339)
451 1809 534 1898 ‘que'
554 1824 700 1882 traditum
722 1831 780 1883 est.
814 1823 866 1881 Ad
886 1823 1078 1881 octonarium
1098 1823 1189 1899 igitur
1204 1822 1329 1897 explen-

229 1931 304 1988 dum
323 1949 384 1988 una
407 1932 521 2008 syllaba
543 1933 633 1990 deest
656 1925 743 2010 (nolo
768 1939 873 1990 autem
896 1951 965 1990 cum
977 1931 1128 1990 Muellero
1151 1949 1233 2008 pros.
1255 1950 1328 2007 pag.

231 2043 267 2098 61
294 2041 451 2115 transponi
474 2041 566 2098 verba
597 2017 702 2097 neex
736 2058 825 2098 versu
852 2042 934 2100 bene
956 2041 1070 2100 fluente
1103 2041 1330 2100 claudicantem

231 2142 407 2226 iaciamus),
441 2166 534 2224 quam
566 2167 708 2208 eruemus
730 2150 821 2210 facile
849 2151 873 2208 si
901 2150 1014 2209 slmiles
1041 2168 1146 2210 versus
1173 2168 1329 2228 compara·

230 2257 375 2318 verimus:

273 2369 291 2427 3
314 2368 455 2425 deamavi
472 2376 595 2427 ecastor
608 2369 669 2427 illic
683 2369 777 2430 hodie
792 2369 982 2446 lepidissima
997 2389 1125 2430 munera
1139 2371 1331 2432 meretricum

332 2688 358 2756 1)
378 2690 411 2742 cs.
429 2690 564 2750 Ritschel.
588 2707 679 2756 opusc.
703 2691 731 2741 11
756 2707 815 2757 pag.
843 2691 904 2742 326.
945 2691 1134 2756 Pennigsdorf.
1161 2693 1195 2742 de
1218 2692 1332 2758 quisque

233 2791 259 2834 et
277 2787 398 2852 quisquis
416 2787 600 2852 pronominum
618 2787 689 2852 apud
709 2788 825 2837 comicos
845 2787 943 2836 latinos
962 2803 1011 2838 usu
1030 2789 1213 2838 commentatio
1232 2803 1292 2854 pag.
1305 2788 1331 2840 8.

231 2883 354 2936 Mueller.
375 2899 445 2949 pros.
464 2900 524 2950 pag.
543 2883 587 2936 61.

331 2980 358 3046 2)
376 2975 432 3030 ‘mi'
454 2981 565 3031 inseruit
583 2980 774 3032 Buechelerus.

334 3077 360 3140 3)
378 3076 448 3129 Plin.
471 3093 497 3128 n.
516 3077 543 3129 h.
565 3079 603 3128 VI
631 3077 682 3129 104
705 3075 799 3145 (Detl.)
823 3084 864 3128 est
895 3084 921 3127 et
943 3085 1034 3142 portus
1058 3078 1104 3143 qui
1126 3083 1235 3127 vocatur
1252 3079 1332 3127 Muza

233 3186 310 3236 quem
328 3172 421 3222 Indica
439 3173 572 3236 navigatio
593 3187 647 3221 non
664 3172 738 3238 petit,
757 3187 804 3220 nec
824 3171 876 3220 nisi
896 3172 960 3220 turis
974 3173 1139 3236 odorumque
1155 3171 1332 3220 Arabicorum

232 3276 398 3318 mercatores.
421 3269 479 3318 XII
501 3268 562 3320 100:
582 3267 784 3334 myrobalanum
802 3267 963 3333 Trogodytis
982 3275 1009 3317 et
1021 3267 1155 3318 Thebaidi
1173 3275 1199 3318 et
1212 3266 1332 3317 Arabiae

234 3379 302 3429 quae
312 3364 436 3414 Iudaeam
446 3365 479 3414 ab
490 3365 615 3432 Aegypto
628 3364 792 3414 disterminat
801 3378 940 3413 commune
954 3371 1001 3420 est,
1012 3379 1124 3414 nascens
1135 3370 1270 3427 unguento
1284 3402 1290 3415 .
1305 3402 1311 3414 .
1325 3401 1331 3414 .

234 3462 297 3513 101:
319 3477 351 3510 ex
363 3460 406 3510 his
425 3462 453 3510 in
471 3461 574 3511 Arabia
586 3476 698 3510 nascens
712 3460 820 3528 Syriaca
839 3459 990 3526 appellatur
1002 3467 1029 3509 et
1048 3466 1088 3510 est
1101 3461 1223 3520 candida,
1242 3467 1333 3510 contra

233 3561 261 3610 in
279 3560 418 3610 Thebaide
438 3560 521 3623 nigra.
558 3560 704 3626 praefertur
722 3560 769 3609 illa
787 3560 909 3609 bonitate
934 3558 989 3609 olei
1008 3560 1079 3626 quod
1099 3560 1259 3626 exprimitur,
1284 3560 1332 3610 sed

233 3657 311 3721 copia
328 3655 472 3706 Thebaica.
508 3657 565 3706 XII
584 3656 632 3708 51:
655 3658 821 3706 cinnamomo
840 3656 960 3722 proxima
978 3655 1111 3718 gentilitas
1130 3667 1194 3715 erat,
1213 3657 1240 3704 ni
1259 3655 1332 3720 prius

233 3753 352 3802 Arabiae
365 3752 471 3802 divitias
483 3752 595 3803 indicari
610 3753 762 3802 conveniret
782 3767 927 3818 causasque
941 3767 1008 3817 quae
1025 3767 1173 3815 cognomen
1190 3752 1231 3801 illi
1244 3751 1332 3802 felicis

234 3868 264 3902 ac
287 3853 381 3902 beatae
400 3851 507 3905 dedere.
556 3851 719 3918 Principalia
746 3867 809 3914 ergo
832 3850 926 3901 inilia
948 3857 991 3901 tus
1011 3859 1089 3916 atque
1107 3868 1201 3903 murra.

334 3949 376 3999 De
389 3948 449 4000 aliis
457 3949 576 3999 Arabiae
587 3949 678 3998 herbis
692 3949 810 3999 odoratis
824 3949 856 4000 ci.
866 3949 924 3998 XII
940 3949 1001 4000 104:
1020 3948 1136 3999 calamus
1149 3964 1256 4014 quoque
1268 3949 1333 3998 odo·

233 4045 453 4096 ratusinArabia
471 4061 623 4098 nascens..
640 4083 646 4096 .
665 4045 724 4096 XII
734 4045 781 4096 ³5:
801 4043 952 4098 bdellium.
968 4082 996 4096 ..
1016 4059 1075 4094 esse
1094 4044 1175 4095 debet
1187 4044 1331 4094 tralucidae

234 4140 321 4192 simile
334 4155 418 4208 cerae,
437 4141 636 4194 odoratum...
655 4141 683 4190 iu
702 4143 791 4190 sacris
809 4140 872 4190 vino
887 4140 1022 4206 perfusum
1041 4139 1185 4192 odoratius.
1215 4140 1333 4190 nascitur

234 4236 262 4286 in
279 4237 382 4286 Arabia
402 4238 532 4304 Indiaque
558 4244 584 4287 et
602 4236 694 4286 Media
713 4252 743 4286 ac
762 4235 909 4302 Babylone.
940 4236 973 4285 de
992 4235 1089 4286 ladano
1109 4236 1143 4288 cs.
1162 4237 1219 4286 XII
1239 4235 1273 4288 73
1291 4251 1330 4302 sq.
