3138 4896
783 321 818 373 40

250 499 459 558 retractatoris
481 517 605 558 manum
628 499 785 558 detexisse
808 498 880 556 milri
903 499 1029 559 videtur.
1089 498 1284 574 Argumentis
1307 497 1347 554 ab

252 629 290 669 eo
313 610 436 685 prolatis
459 627 552 668 unum
575 611 673 670 addo:
708 609 793 683 quod
816 627 843 667 v.
867 610 905 668 18
937 593 1080 668 ‘contra'
1111 605 1348 684 praepositionis

251 737 376 777 munere
400 716 545 793 fungitur,
578 717 630 793 qui
652 734 724 774 usus
748 736 766 774 a
789 716 898 775 Plauto
932 716 1049 775 alienus
1082 724 1139 774 est.
1172 716 1243 774 Vna
1262 716 1293 772 in
1314 733 1349 772 re

252 829 467 888 Brachmanno
490 827 669 902 adstipulari
692 843 756 884 non
778 845 918 902 possum:
943 845 1014 885 narn
1036 845 1062 886 v.
1089 827 1127 886 16

305 938 377 998 Ant.
391 946 421 995 et
435 936 508 994 mihi
528 938 652 1012 quidem
667 936 779 993 minam
797 937 924 1012 argenti.
956 936 990 996 L.
1003 953 1089 993 sume
1102 935 1172 993 hinc
1190 932 1352 1010 'quidlubet

254 1065 345 1124 quem
368 1047 543 1124 Geppertus
575 1055 606 1104 et
630 1046 790 1122 Hasperus
817 1047 1006 1114 deleverunt,
1039 1062 1141 1120 neque
1172 1044 1226 1102 tali
1257 1045 1351 1102 exitui

147 1193 150 1204 ι
254 1159 376 1233 qualem
397 1157 445 1217 ille
469 1157 625 1216 constituit
647 1165 736 1232 aptus
759 1165 815 1225 est,
838 1157 869 1214 in
885 1174 977 1218 unam
1004 1173 1148 1214 scaenam
1170 1155 1351 1214 coniunctus

254 1285 324 1326 cum
347 1286 373 1326 v.
398 1269 433 1326 11
457 1275 489 1325 et
514 1269 567 1325 12:

863 1378 934 1436 Ant.
958 1378 1039 1444 leno,
1062 1376 1094 1434 in
1116 1376 1162 1433 ius
1186 1392 1249 1434 eas.

514 1485 588 1561 Lyc.
612 1487 654 1543 de
676 1485 805 1561 prandio
829 1493 861 1542 tu
885 1485 974 1544 dicis:
1006 1484 1135 1542 debetur
1157 1483 1250 1541 dabo,

254 1594 347 1652 Hunc
387 1600 489 1650 autem
527 1611 648 1650 versum
686 1592 753 1665 (16)
789 1594 813 1650 si
847 1594 997 1662 delemus,
1041 1593 1146 1650 nescio
1186 1609 1278 1666 quam
1312 1593 1352 1650 ob

256 1720 382 1760 causam
415 1721 442 1760 v.
467 1704 503 1760 17
528 1702 589 1777 ,qui
622 1702 703 1761 bene
727 1721 795 1760 cum
818 1702 1036 1778 praeeuntibus
1059 1703 1123 1760 coit
1144 1701 1352 1762 excludamus.

256 1811 347 1868 Hunc
374 1811 465 1885 igitur
487 1811 618 1887 priorem
643 1813 758 1876 exitum
787 1812 949 1870 efficimus:
994 1810 1022 1866 V
1046 1813 1073 1881 5,
1096 1812 1229 1870 36-52,
1272 1810 1301 1866 V
1323 1812 1352 1880 6,

257 1922 369 1980 1—15.
402 1923 449 1981 17.
474 1923 608 1981 22—34.
1231 1991 1236 2002 Ι

273 2033 278 2042 “
355 2029 421 2087 Iam
456 2030 530 2104 quid
561 2030 601 2086 de
632 2029 728 2087 altero
762 2030 844 2087 exitu
879 2031 918 2086 sit
954 2030 1153 2088 statuendum
1186 2029 1353 2090 videamus.

258 2142 441 2200 Pulcerrime
472 2140 554 2200 hunc
587 2141 671 2198 idem
699 2140 951 2198 retractationum
981 2139 1180 2214 investigator
1209 2156 1281 2197 acer
1315 2140 1354 2196 ab

258 2253 426 2310 alienorum
449 2250 561 2308 fetibus
583 2251 734 2309 liberavit:
758 2269 784 2308 v.
810 2250 912 2308 6-15
937 2248 1103 2323 praecipue
1127 2265 1195 2305 eam
1218 2249 1258 2307 ob
1282 2265 1354 2306 eau-

259 2380 324 2420 sam
347 2381 365 2419 a
388 2360 495 2418 ceteris
519 2359 692 2434 emungens
717 2359 803 2432 quod
826 2365 899 2415 ante
920 2377 946 2414 v.
963 2356 1001 2416 16
1024 2375 1085 2432 quo
1109 2359 1238 2433 primum
1254 2359 1354 2434 Lycus

260 2471 391 2548 aceedit,
414 2469 634 2544 Agorastocles
656 2486 726 2526 cum
746 2485 785 2524 eo
812 2466 946 2541 colloqui
960 2483 1023 2524 non
1045 2469 1152 2544 potuit.
1185 2469 1248 2526 Sed
1263 2470 1355 2527 etiam

259 2583 289 2638 in
321 2581 379 2638 hac
410 2597 526 2638 scaena
557 2578 711 2654 paululum
744 2577 874 2634 discedo
909 2594 928 2633 a
954 2575 1157 2635 Brachmauni
1191 2580 1353 2637 sententia.

260 2690 338 2747 Nam
368 2706 437 2745 cum
469 2705 506 2744 ex
535 2706 561 2748 v.
585 2687 623 2744 22
658 2683 774 2758 (aurum
797 2681 896 2762 tuom)
930 2695 963 2744 et
983 2705 1010 2744 v.
1034 2689 1074 2745 24
1108 2688 1230 2746 eluceat
1262 2690 1355 2747 etiam

261 2801 357 2876 prima
380 2799 498 2856 lenonis
521 2797 613 2853 verba
635 2797 676 2852 ad
691 2795 928 2872 Agorastoclem
950 2798 1034 2855 dicta
1057 2815 1126 2857 esse
1149 2793 1300 2876 (perego
1324 2809 1355 2857 te

261 2917 315 2966 tua
336 2926 439 2984 genua
462 2925 527 2976 0r0,
552 2900 706 2980 obsecro),
729 2925 857 2964 necesse
879 2918 927 2966 est
939 2908 1172 2981 Agorastoclem
1195 2926 1300 2966 versus
1316 2909 1355 2967 26

261 3025 293 3073 et
316 3019 363 3085 26,
387 3009 434 3072 vel
457 3017 481 3074 si
504 3037 530 3078 v.
555 3020 594 3075 25
618 3035 687 3075 cum
718 3017 932 3076 Brachmanno
962 3019 1111 3087 delemus,
1144 3037 1172 3078 v.
1197 3021 1235 3078 26
1265 3019 1356 3094 loqui.

262 3125 318 3184 Cui
337 3126 542 3184 distributioni
566 3128 633 3202 ipse
655 3125 885 3186 Brachmannus
914 3127 1160 3202 adstipulabitur,
1193 3137 1358 3203 postquam

263 3235 436 3311 Stephanus
464 3236 483 3292 ll
516 3241 697 3310 argumento
730 3237 815 3294 nisus
846 3255 910 3294 non
939 3237 996 3293 levi
1029 3237 1101 3313 quia
1132 3237 1357 3296 Antamonides

249 3340 433 3420 argentum,
450 3346 666 3419 Agorastocles
679 3363 784 3403 aurum
798 3343 929 3414 solverit,
952 3363 1057 3403 versus
1068 3347 1106 3404 27
1121 3326 1212 3404 ‘heus
1224 3355 1257 3403 tu
1273 3344 1356 3405 leno’

263 3462 294 3512 et
316 3475 342 3513 v.
367 3458 406 3515 28
429 3454 513 3512 militi
529 3456 672 3515 reddidit.
728 3455 813 3513 Alter
833 3454 924 3528 igitur
947 3456 1044 3512 exitus
1059 3455 1105 3513 his
1121 3456 1256 3514 versibus
1283 3473 1357 3515 con·

264 3565 390 3624 tinetur:
413 3582 440 3624 v,
466 3565 555 3624 1-5.
582 3565 712 3624 16-24.
736 3563 774 3622 26
798 3559 859 3639 (vel
880 3558 1026 3638 26)-61.

364 3675 431 3733 Iam
458 3681 526 3732 uter
556 3674 654 3730 exitus
686 3673 838 3746 genuinus
874 3673 912 3730 sit
948 3680 983 3730 ut
1014 3672 1183 3732 diiudicare
1204 3673 1358 3750 possimus

263 3784 394 3860 primum
418 3783 557 3858 Langeni
588 3790 769 3856 argumento
802 3801 821 3838 e
843 3799 985 3840 sermone
1020 3785 1117 3857 petito
1139 3792 1273 3843 utamur:
1307 3784 1360 3860 qui

265 3893 359 3970 symb.
389 3910 460 3968 pag.
488 3893 548 3952 218
580 3891 803 3964 demonstravit
826 3876 945 3967 ‘sequi'
975 3893 1100 3951 verbum
1134 3910 1226 3950 sensu
1258 3901 1357 3951 meta·

264 4002 388 4081 phorico
409 4009 588 4074 usurpatum
612 4017 630 4056 a
653 3999 761 4056 Plauto
788 4015 858 4056 esse
883 3998 1031 4074 alienum;
1065 4015 1169 4057 versus
1191 4007 1295 4059 autem
1316 4001 1354 4059 32

549 4111 609 4170 litis
630 4125 742 4185 sequar
763 4109 795 4168 in
817 4107 919 4166 alieno
942 4107 1059 4186 oppido
