3138 4896
749 308 858 361 11·

210 484 413 544 intercedisse
446 483 517 542 inde
549 483 752 560 colligendum
784 493 842 555 est,
877 486 962 561 quod
985 485 1083 544 Plauti
1119 505 1233 546 nomen
1264 487 1332 546 hic'

210 595 310 654 omitti
332 611 396 652 non
418 593 534 663 debuit,
567 593 618 652 ubi
647 595 688 652 de
709 593 834 654 nomine
857 595 976 657 fabulae
1002 602 1035 654 et
1056 603 1170 670 poetae
1193 582 1312 672 agitur'.

211 705 243 766 Si
264 714 406 783 patruum
419 702 708 778 Pultiphagonidem
725 721 831 761 revera
847 697 989 784 Plautum
1009 703 1155 780 prologus
1179 705 1313 775 dicebat,

211 816 279 892 ipso
300 814 425 873 nornine
446 831 510 872 non
532 821 599 870 erat
620 829 706 890 opus.
739 812 802 872 Sed
815 814 865 878 ,ob
879 813 961 872 illam
981 831 1072 890 quam
1086 813 1175 872 attuli
1188 831 1313 884 causam

212 923 315 982 facere
336 941 399 1006 non
420 940 555 1002 possum,
579 923 652 1000 quin
675 931 777 1000 spreta
789 923 937 983 Ritscheli
952 924 1130 985 coniectura
1148 920 1314 1002 (parergon

211 1050 281 1108 pag.
305 1031 381 1108 205)
410 1031 441 1090 in
465 1032 613 1110 Gepperti
647 1033 830 1092 sententiam
860 1033 986 1094 abeam:
1018 1041 1234 1094 anteversum
1259 1035 1300 1094 54

407 1143 519 1202 Latine
541 1142 676 1213 Plautus
699 1152 822 1218 patruus
844 1141 1114 1220 pultiphagonides

212 1270 327 1328 paucos
342 1270 446 1312 versus
465 1252 617 1312 excidisse
632 1253 796 1312 iudicantis
813 1251 945 1312 Casinae
960 1251 1035 1328 prol.
1050 1254 1175 1314 31-33
1190 1251 1313 1312 similes

212 1361 314 1436 Atque
341 1363 470 1422 alterum
496 1371 708 1438 argumentum
738 1361 885 1422 Dziatako
922 1362 987 1439 ipse
1014 1362 1158 1422 refutavit
1183 1361 1314 1420 Casinae

212 1490 239 1530 v.
249 1473 289 1531 30
300 1489 357 1548 sqq
370 1471 522 1546 genuinos
536 1489 606 1530 esse
617 1480 745 1550 putans:
759 1489 829 1530 nam
839 1479 922 1530 certe
933 1471 1144 1530 anteCasioae
1154 1470 1314 1546 prologum

211 1599 323 1638 nomen
336 1579 400 1638 eius
412 1597 474 1638 non
485 1588 533 1636 est
544 1573 779 1656 pronuntiatum'.
814 1580 927 1638 Restat
939 1588 973 1638 ut
989 1582 1029 1638 de
1045 1598 1107 1638 uno
1118 1577 1313 1640 Daiatzkonis

211 1697 393 1766 argumento
421 1689 532 1759 dicam,
568 1689 620 1766 qui
641 1706 711 1765 pag.
735 1691 776 1748 30
797 1707 833 1766 sq
857 1689 936 1748 haec
958 1689 1111 1764 adiungit:
1142 1678 1313 1750 ‘Noluimus

211 1800 243 1856 in
266 1797 522 1858 antecedentibus
543 1815 581 1856 eo
605 1807 784 1872 argumento
807 1799 860 1868 uti,
885 1799 969 1876 quod
991 1816 1095 1856 versus
1112 1799 1235 1858 50-58
1259 1816 1313 1874 pa·

211 1926 278 1966 rum
299 1925 369 1966 cum
392 1906 527 1966 versibus
549 1909 674 1969 46—49
698 1907 892 1976 conveniant,
917 1907 948 1964 in
971 1907 1080 1984 quibus
1103 1907 1198 1983 ipsius
1224 1925 1314 1982 argu·

211 2018 307 2076 menti
329 2017 482 2095 expositio
510 2017 705 2093 promittatur
733 2013 774 2094 (v.
798 2019 839 2078 50
862 2017 906 2074 sic
928 2016 1029 2094 potius
1053 2016 1095 2074 ad
1130 2016 1313 2074 comoediae

213 2145 327 2186 nomen
351 2127 571 2184 transeundum
594 2133 660 2184 erat
681 2127 877 2184 >sedantem
899 2125 997 2184 uubis«
1022 2121 1071 2202 qs)
1094 2132 1127 2185 et
1141 2142 1246 2182 versus
1261 2127 1312 2186 48.

212 2237 252 2296 49
288 2255 307 2296 a
335 2235 487 2294 sententia
518 2253 658 2322 versuum
691 2236 816 2296 55-58
845 2235 983 2316 proxime
1014 2219 1140 2294 absiut'.
1184 2233 1221 2290 In
1253 2252 1313 2309 qua

213 2345 477 2421 argumentatione
499 2344 647 2404 Dziatzko
674 2345 838 2404 manifesto
871 2344 990 2422 prologi
1021 2344 1158 2404 versibus
1193 2353 1314 2404 contra-

212 2455 297 2524 dicit,
321 2454 357 2516 ci.
380 2471 497 2532 quaeso
519 2455 577 2515 hos
600 2472 718 2522 versus:

279 2567 319 2624 46
364 2565 405 2621 ad
427 2570 629 2640 argumentum
648 2575 731 2627 nunc
752 2564 916 2624 vicissatim
940 2565 1010 2624 volo
1033 2610 1039 2624 .
1061 2609 1067 2626 .
1090 2611 1097 2624 .

279 2677 320 2734 50
363 2675 419 2734 sed
440 2675 499 2733 nisi
521 2676 713 2734 molestumst
734 2694 835 2748 momen
859 2677 933 2734 dare
956 2676 1042 2734 vobis
1062 2677 1142 2736 volo,

280 2787 319 2846 55
363 2803 461 2842 nomen
483 2785 545 2844 iam
559 2784 687 2854 habetis,
711 2802 792 2844 nunc
810 2785 941 2843 rationes
957 2790 1064 2842 celeras

360 2895 498 2972 accipite,
521 2913 592 2952 nam
615 2900 818 2970 argumentum
841 2894 900 2954 hoc
923 2894 972 2954 hic
995 2895 1177 2955 censebitur.

310 3004 368 3062 His
390 3004 480 3079 igitur
501 3004 576 3062 locis
597 3021 713 3062 nomen
736 3002 858 3062 fabulae
886 3005 1083 3064 coniunctum
1110 3022 1178 3061 curn
1201 3004 1312 3062 ceteris

211 3111 381 3170 rationibus
411 3120 624 3187 argumentum
652 3115 693 3171 ad
722 3115 807 3189 quod
835 3131 922 3170 versu
950 3116 990 3175 46
1020 3113 1164 3171 transitur
1193 3111 1315 3170 efficere

212 3221 302 3278 certis
317 3221 414 3279 verbis
430 3222 599 3280 indicatur:
616 3222 751 3298 sequitur
766 3222 874 3281 horum
886 3241 1028 3280 versuum
1043 3222 1221 3298 scriptorem
1240 3239 1313 3279 con-

212 3331 291 3388 sulto
313 3329 370 3387 hos
386 3348 491 3388 versus
515 3331 699 3392 conexuisse
715 3350 784 3390 cum
804 3332 1073 3418 praecedentibus.
1105 3329 1149 3387 Vt
1167 3331 1258 3405 igitur
1272 3330 1314 3387 de

212 3439 259 3496 his
282 3440 420 3498 versibus
443 3441 589 3499 iudicium
608 3441 693 3500 brevi
717 3441 992 3518 comprehendam:
1020 3460 1083 3500 non
1106 3458 1187 3517 nego
1209 3456 1314 3498 versus

216 3550 339 3608 50-58
359 3557 432 3627 post
454 3549 520 3608 illos
545 3543 697 3628 (46—49)
721 3551 892 3628 adscriptos
923 3568 992 3610 esse
1014 3568 1117 3628 posse,
1144 3568 1217 3608 nam
1244 3557 1316 3623 post

210 3675 237 3716 v.
259 3659 299 3718 49
320 3659 393 3734 quin
414 3666 488 3734 apte
510 3678 536 3719 v.
560 3662 599 3722 59
622 3661 715 3718 inseri
736 3661 834 3736 possit
857 3679 948 3720 nemo
973 3661 1135 3730 dubitabit,
1159 3661 1215 3719 sed
1231 3677 1313 3736 quae

212 3775 296 3825 certa
318 3785 411 3826 causa
434 3787 492 3828 nos
515 3778 608 3844 cogat
636 3776 670 3826 ut
692 3788 710 3828 a
732 3770 932 3848 grammatico
956 3788 1011 3830 eos
1033 3770 1220 3846 compositos
1243 3788 1313 3828 esse

211 3877 381 3936 iudicemus
398 3895 457 3954 ego
479 3897 543 3936 non
564 3879 669 3937 video:
694 3879 786 3938 immo
802 3881 874 3955 quia
889 3880 948 3939 iste
963 3881 1056 3940 homo
1070 3897 1174 3938 versus
1190 3882 1314 3942 46-58

209 4003 246 4046 ex
269 3987 397 4046 diversis
420 3988 497 4046 locis
520 3989 648 4048 collatos
670 3998 819 4064 quantum
839 3990 940 4068 potuit
961 3990 1128 4060 coniunxit,
1151 3989 1313 4066 adipsum

210 4097 364 4156 actionem
379 4098 515 4173 aliquam
530 4100 791 4176 quandocumque
806 4098 890 4158 facta
913 4107 960 4158 est
976 4117 1030 4158 eos
1053 4099 1227 4158 destinatos
1244 4115 1312 4158 esse

208 4215 293 4284 puto,
333 4205 403 4268 Hac
425 4207 457 4268 in
482 4208 634 4268 sententia
657 4226 684 4271 v.
706 4210 746 4274 57
771 4216 803 4268 et
817 4210 858 4270 58
880 4226 930 4272 me
952 4207 1134 4271 confirmant
1149 4209 1190 4267 de
1205 4207 1314 4287 quibus
