3138 4896
584 727 591 742 ,
613 665 753 727 curun
775 667 980 729 ruarmru.

183 819 185 824 ,
261 843 381 920 LOCI
406 845 678 920 NONNULLI
703 846 930 922 POENULI
956 847 1336 924 EMENDANTUR.

714 1077 759 1137 111
782 1083 810 1158 5,
833 1081 882 1140 aa.

350 1260 563 1322 Pulcerrimam
588 1262 731 1322 codicum
753 1263 935 1340 scripturam
955 1265 1065 1324 misere
1088 1272 1122 1322 ut
1144 1266 1224 1324 solet
1256 1261 1308 1345 (cl.
1332 1269 1347 1327 I

250 1375 278 1442 2,
303 1374 353 1432 62.
375 1371 420 1430 111
442 1375 470 1441 1,
493 1375 543 1434 67.
561 1373 607 1432 ΙΠ
622 1377 651 1443 4,
668 1370 722 1446 19)
745 1373 889 1448 pervertit
904 1372 1095 1450 Geppertus:
1117 1373 1157 1433 illi
1173 1375 1255 1436 euim
1269 1377 1349 1437 baec

248 1481 413 1559 praebent:

399 1608 481 1666 nego
504 1598 536 1648 et
557 1592 702 1667 negando
724 1591 748 1648 si
773 1591 848 1666 quid
870 1591 963 1651 refert
984 1594 1097 1652 raviam
1107 1589 1142 1668 ¹).

250 1700 343 1773 Quod
369 1718 409 1758 ne
441 1701 473 1758 in
499 1707 619 1758 textum
647 1699 828 1776 recipiamus
861 1717 924 1757 una
957 1701 1102 1777 prohibet
1135 1719 1245 1761 causa:
1279 1722 1350 1779 pro·

249 1811 345 1870 ducta
369 1809 466 1886 prima
491 1809 580 1868 huius
603 1809 686 1868 verbi
713 1809 836 1885 syllaba.
880 1807 959 1868 Nam
984 1811 1091 1886 corripi
1123 1829 1201 1880 eam,
1232 1813 1351 1871 etiamsi

249 1921 281 1978 in
304 1919 409 1978 lexicis
430 1919 542 1978 nostris
557 1937 612 1995 pro
633 1920 725 1994 longa
739 1926 873 1994 putatur.
900 1919 1016 1978 docent
1036 1919 1061 1976 si
1083 1937 1147 1978 non
1163 1921 1348 1981 adiectivum

250 2030 494 2088 rancus-raucus
510 2027 561 2105 (cl.
576 2029 685 2088 avidus
701 2028 966 2097 evidere-audere,
984 2027 1228 2106 cavino-cautio)
1243 2038 1347 2092 tamen

249 2137 386 2197 nonnulli
409 2138 589 2214 scriptorum
612 2138 671 2197 loci
694 2138 732 2196 cl.
749 2136 848 2195 Plauti
872 2137 979 2213 fragm.
1003 2139 1087 2215 apud
1100 2137 1180 2198 Non.
1198 2142 1268 2208 164,
1293 2143 1345 2201 19:

401 2247 590 2324 expurigabo
616 2247 717 2306 hercle
741 2248 844 2306 omnia
867 2249 909 2306 ad
931 2265 1055 2307 raucam
1077 2248 1170 2306 ravim

249 2357 318 2418 Aul.
343 2359 420 2416 336:
454 2357 504 2414 ubi
536 2357 637 2434 siquid
659 2375 786 2433 poscam
811 2375 908 2433 usque
922 2353 973 2417 'ad
994 2358 1088 2417 ravim
1109 2375 1238 2434 poscam
1257 2359 1349 2435 prius,

253 2485 314 2543 quo
336 2468 368 2524 in
390 2453 615 2525 v'ersu‘ravim'
636 2468 668 2524 in
683 2476 822 2542 quartam
837 2455 949 2525 senarii
972 2468 1080 2526 sedem
1102 2468 1270 2527 admissum
1291 2477 1347 2544 est,

250 2594 330 2652 quae
351 2593 415 2634 non
438 2576 545 2652 recipit
568 2576 626 2634 nisi
648 2575 780 2635 iambica
803 2576 903 2636 verba.

351 2687 442 2744 Falso
464 2686 557 2761 igitur
578 2683 766 2762 Ribbeckius
790 2685 904 2746 Caecili
928 2705 954 2748 v.
977 2687 1018 2746 84
1040 2686 1208 2748 constituit.
1239 2687 1348 2763 Itaque

248 2804 355 2854 nostro
378 2797 446 2854 loco
469 2813 531 2854 una
554 2795 654 2854 littera
676 2796 790 2855 inserta
813 2797 980 2856 scribamus
1002 2814 1058 2873 pro
1081 2797 1166 2856 rauia
1188 2798 1304 2858 rancia:

398 2922 479 2988 nego
501 2913 534 2963 et
556 2906 701 2980 negando
727 2906 752 2963 si
774 2906 849 2981 quid
867 2906 960 2964 refert
981 2906 1126 2975 rauciarn,

249 3013 287 3074 cf.
321 3013 413 3072 Prisc.
437 3014 454 3074 l.
484 3015 512 3070 X
546 3012 617 3088 (GL
642 3013 671 3072 ΙΙ
702 3015 773 3082 539,
797 3011 845 3093 ll:
878 3008 986 3093 (verba
1017 3016 1049 3072 in
1083 3015 1131 3074 cio
1159 3015 1345 3092 desinentia)

249 3123 274 3180 si
293 3108 347 3180 ‘u'
368 3141 432 3180 non
454 3122 614 3181 habuerint
630 3101 714 3181 '‘cio’
738 3123 768 3180 in
788 3110 844 3181 ‘si'
865 3132 983 3183 mutata
1005 3123 1119 3182 iaciunt
1138 3126 1344 3200 praeteritum,

250 3239 284 3290 ut
308 3275 362 3292 ...
385 3231 594 3290 raucio-rausi.

253 3339 323 3406 542.
347 3341 401 3400 27:
420 3333 516 3398 ‘rausi
539 3327 679 3398 rausum'
701 3341 785 3398 unde
806 3339 940 3398 Lucilius
964 3340 1053 3414 [XIX
1077 3344 1113 3401 11
1138 3341 1185 3416 Μ]

422 3467 551 3508 rausuro
573 3450 706 3525 tragicus
730 3451 781 3525 qui
804 3449 939 3509 carmina
960 3450 1061 3527 perdit
1082 3449 1201 3511 Oreste.

252 3558 452 3618 Philoxenus:
475 3559 574 3618 raucit
597 3559 740 3640 βραγχιᾷ.

353 3809 379 3878 1)
400 3810 453 3860 hoc
471 3809 580 3860 verbum
599 3825 614 3860 e
633 3809 754 3860 codicum
781 3810 910 3876 scriptura
929 3809 1053 3860 efficitur:
1079 3810 1106 3860 iu
1124 3811 1150 3861 V
1174 3810 1208 3872 (B
1233 3809 1350 3879 Ritsch.)

250 3909 320 3964 inest
330 3923 345 3957 a
358 3923 392 3958 m.
402 3906 486 3972 prima
497 3901 592 3966 ‘avia',
603 3913 657 3956 turn
669 3900 775 3972 ‘ravia',
789 3922 883 3973 nempe
896 3906 986 3958 deficit
995 3905 1108 3974 lineola;
1121 3908 1148 3956 in
1158 3907 1183 3956 D
1194 3905 1226 3974 (C
1232 3907 1348 3976 Ritsch.)

251 4005 395 4056 secundum
407 4004 492 4071 Gepp.
507 4004 597 4056 adnot.
606 3999 615 4018 '⁸
623 3997 705 4070 avio',
719 4019 751 4054 ex
763 4004 841 4055 Parei
853 4012 938 4055 autem
949 4005 1101 4055 testimonio
1112 3998 1240 4068 ‘raviao’‚
1252 4021 1283 4056 ex
1294 4021 1347 4071 quo

249 4110 351 4153 veteres
375 4101 489 4152 editores
513 4100 723 4153 malefecerunt
746 4101 828 4155 revio.
844 4097 932 4155 ‘ravio
953 4099 1055 4156 ravias'
1074 4101 1183 4153 verbum
1207 4107 1290 4154 exstat
1320 4100 1348 4152 in

251 4201 334 4254 Festo
352 4198 430 4252 Pauli
448 4215 507 4270 pag.
526 4197 589 4264 275,
608 4199 634 4254 4.
