3138 4896
777 337 813 389 tl

340 512 428 572 Curc.
452 513 510 572 691
535 531 585 589 sq:
608 513 776 573 delicatum
807 522 838 572 te
870 514 963 573 hodie
991 513 1101 572 faciam
1133 523 1201 572 cum
1233 515 1344 572 catello

1068 631 1102 682 ut
1125 623 1259 682 accubes

606 727 705 787 ferreo
724 747 784 806 ego
808 729 890 790 dico.

242 839 344 898 Etiam
363 840 424 898 hoc
446 840 571 898 verbum
592 858 654 897 uno
678 840 746 897 loco
770 840 810 896 de
834 839 935 898 bestia
956 848 1099 916 usurpat:

349 949 435 1007 Asin.
469 949 546 1009 693:
571 935 621 1008 dic
644 948 735 1023 igitur
755 949 829 1006 med
851 949 1046 1019 anaticulam,
1065 951 1239 1009 columbam

1014 1062 1060 1119 vel
1083 1060 1235 1119 catellum.

243 1167 406 1225 Praeterea
431 1169 557 1226 verbum
585 1169 661 1226 illud
691 1168 791 1245 ipsum
814 1187 906 1227 sensu
934 1171 1080 1228 translato
1103 1170 1189 1245 apud
1211 1168 1345 1228 Nonium

245 1279 369 1336 affertur
390 1297 407 1334 e
431 1278 549 1337 Lucilio
572 1277 692 1349 (XXIX
716 1279 776 1339 100
799 1277 862 1354 M):

369 1405 439 1446 cum
460 1387 587 1447 manicis
611 1391 712 1448 catulo
735 1390 920 1466 collareique
941 1399 974 1448 ut
998 1389 1173 1466 lugitiv0m3

244 1497 282 1556 cf.
305 1507 468 1572 praeterea
491 1499 601 1556 Festus
632 1517 654 1558 a.
679 1497 708 1556 h.
732 1515 809 1557 voce
832 1491 917 1576 (pag.
940 1501 979 1558 45
1004 1493 1064 1578 M):
1100 1499 1217 1558 catulus
1247 1517 1345 1574 genus

244 1607 402 1682 quoddam
417 1607 542 1678 vinculi,
565 1609 616 1684 qui
638 1610 793 1666 interdum
809 1611 892 1668 canis
915 1611 1087 1686 appellatur
1108 1607 1192 1685 (Cas.
1205 1609 1233 1666 II
1247 1611 1276 1680 6,
1289 1611 1347 1670 ³7:

244 1724 278 1773 ut
300 1717 426 1791 quidem
448 1716 541 1774 hodie
564 1727 596 1775 tu
619 1735 728 1776 canem
751 1727 782 1775 et
804 1718 920 1777 furcam
943 1719 1044 1789 feras).
1096 1717 1172 1778 Cum
1194 1719 1346 1795 composi-

244 1825 329 1882 tione
344 1827 393 1883 illa
408 1819 525 1884 ‘catulo
542 1827 612 1885 forti
627 1823 738 1886 ferreo’
764 1828 871 1886 confer
893 1829 1073 1887 simillimam
1087 1824 1202 1887 Persae
1224 1848 1251 1889 v.
1275 1830 1345 1898 573,

245 1952 337 2009 quem
359 1935 420 1994 iam
441 1936 541 1995 attuli:

491 2045 614 2103 vferreas
718 2065 837 2106 crassas
862 2042 1070 2124 compedes1).

686 2234 714 2291 V
737 2237 767 2303 4,
790 2237 810 2294 4
832 2251 900 2310 sqq.

347 2367 518 2426 Venustum
530 2369 724 2427 Anterastilis
732 2365 758 2446 2)
782 2369 934 2428 canticum
951 2369 1128 2445 anapaestis
1142 2368 1350 2456 conscriptum

248 2475 422 2552 Geppertns
446 2487 478 2536 et
501 2479 645 2537 baccheis
674 2487 706 2535 et
734 2478 854 2536 creticis
890 2477 1036 2537 foedavit.
1070 2477 1105 2534 ln
1126 2495 1215 2535 versu
1239 2486 1348 2553 quarto

247 2585 320 2642 nihil
336 2595 384 2644 est
398 2589 588 2657 mutandum,
606 2589 713 2646 sicum
724 2586 874 2645 Muellero
886 2583 978 2661 (pros.
991 2573 1061 2663 pag.
1075 2581 1147 2664 415)
1162 2587 1347 2647 dimetimur:

290 2696 383 2770 digna
411 2697 480 2755 diva
509 2695 728 2756 venustissima
748 2697 871 2754 Venere
901 2714 1001 2773 neque
1024 2693 1198 2771 contempsi
1220 2696 1284 2753 eius

1045 2803 1121 2882 opes
1146 2801 1282 2881 hodie³)‚

248 2933 433 2993 quamquam
474 2936 503 2975 ss
548 2926 756 2993 correptarum
797 2918 881 2993 apud
925 2915 1066 2974 Plautum
1110 2915 1225 2973 nullum
1265 2905 1348 2974 aliud

247 3033 349 3084 exstat
381 3027 567 3102 exemplum:
612 3028 652 3083 de
691 3025 817 3084 aliarum
853 3025 1092 3082 consonantium
1124 3024 1349 3098 geminatamm

247 3137 442 3213 correptione
467 3135 581 3196 confer.
617 3134 830 3209 Sonnenburg.
865 3133 906 3190 de
929 3149 1068 3190 versuum
1091 3132 1192 3190 Plauti
1215 3149 1349 3208 anapae-

248 3255 364 3304 storum
386 3245 532 3319 prosodia
548 3245 578 3300 in
600 3239 844 3300 ‘exercitationis
860 3241 1080 3315 grammaticae
1097 3241 1274 3317 specimina,
1298 3242 1348 3301 ed.

248 3355 354 3412 semin.
382 3354 455 3428 phil.
488 3354 589 3414 Bonn.
625 3337 764 3411 sodales’
797 3369 867 3428 pag.
903 3354 952 3421 19,
981 3350 1201 3409 Fleckeisenus
1222 3349 1348 3410 miscell.

249 3464 313 3524 crit.
337 3483 406 3540 pag.
430 3464 469 3523 37
493 3479 560 3539 sqq.

349 3661 375 3730 1)
392 3664 458 3714 haec
472 3679 531 3714 cum
548 3663 697 3718 conicerem
710 3663 778 3726 fugit
791 3679 833 3714 me
848 3663 926 3712 etiam
937 3662 1098 3712 Muellerum
1117 3659 1200 3727 (pros.
1214 3676 1272 3726 pag.
1286 3655 1350 3725 346)

247 3762 299 3812 hoc
319 3761 427 3812 verbum
446 3762 632 3828 proposuisse:
658 3767 746 3810 tamen
765 3760 857 3810 addidi
877 3759 940 3826 quia
959 3766 1112 3821 argumenta
1131 3773 1200 3824 quae
1219 3757 1297 3807 attuli
1316 3757 1349 3806 ad

247 3854 373 3906 Muelleri
401 3871 538 3922 meamque
566 3855 743 3907 coniecturam
774 3854 975 3904 suffulciendam
1001 3853 1113 3904 alicuius
1138 3852 1203 3902 mihi
1227 3854 1351 3903 videntur

248 3968 307 4003 esse
326 3954 460 4004 momenti.

347 4048 372 4112 2)
392 4048 426 4099 cf.
445 4049 538 4100 Goetz.
561 4056 610 4099 act.
629 4050 703 4115 Lips.
722 4048 761 4098 VI
780 4063 838 4114 pag.
859 4046 922 4098 313.

348 4143 376 4212 3)
395 4161 461 4211 opes
483 4143 520 4198 A.
545 4161 612 4214 opus
631 4143 755 4198 Palatini.
793 4145 942 4213 Geppertus
968 4138 1130 4210 transposuit
1153 4147 1182 4192 ut
1204 4141 1350 4193 baccheum

249 4241 345 4309 pedem
364 4241 486 4295 efficeret.
