3138 4896
761 299 798 356 at

328 478 494 542 Praeterea
522 499 623 558 neque
643 466 752 541 ‘alias’
773 481 909 557 positum
934 498 990 558 pro
1015 467 1166 540 ‘ceteras'
1189 479 1329 540 Plautum

228 593 317 668 sapit.
361 591 535 667 Draegerus
557 588 590 648 1²
610 607 681 667 pag.
700 593 759 651 104
784 608 820 666 sq
842 608 937 650 unum
961 591 1088 650 Terenti
1109 591 1197 651 affert
1218 592 1327 660 locum,

229 699 351 759 Phorm.
375 701 470 760 1020:

292 811 491 886 quamobrem
515 819 545 868 te
566 827 620 868 oro
643 818 677 868 ut
701 809 760 868 alia
784 809 867 868 facta
889 818 941 870 tua
964 818 1035 868 sunt
1057 827 1159 888 aequo
1182 810 1284 870 animo

1114 920 1173 979 hoc
1197 920 1286 990 feras,

228 1031 281 1107 qui
312 1031 393 1090 illum
425 1049 515 1090 usum
544 1049 606 1090 non
638 1031 735 1108 magis
762 1032 956 1090 demonstrat
985 1048 1078 1106 quam
1108 1031 1211 1090 similis
1240 1029 1329 1107 Capt.

228 1160 255 1201 v.
278 1142 352 1201 458:

313 1251 354 1308 ad
373 1248 496 1308 fratrem
518 1250 612 1308 modo
634 1243 717 1329 (ad)
740 1250 878 1326 captivos
902 1251 978 1309 alios
1001 1250 1098 1308 inviso
1121 1265 1224 1318 me0s;

231 1369 283 1418 aut
305 1360 385 1417 Enni
408 1351 467 1419 259
491 1376 527 1435 sq
550 1354 601 1438 (R.
623 1356 681 1435 12):

291 1488 330 1527 ea
351 1470 474 1527 libertas
498 1471 616 1544 estqui
638 1478 746 1545 pectus
769 1486 878 1544 purum
900 1477 931 1527 et
953 1469 1071 1526 firmum
1093 1468 1222 1545 gestitat

292 1579 370 1637 aliae
392 1596 440 1635 res
463 1578 653 1644 obnoxiosae
675 1585 765 1635 nocte
788 1579 817 1635 in
841 1578 972 1636 obscura
994 1579 1098 1638 latent.

238 1688 355 1747 Primus
377 1687 490 1746 Accius
512 1682 586 1763 (384
610 1682 649 1764 R)
668 1680 783 1744 ‘omnia
805 1678 874 1745 alia'
896 1688 1065 1762 componit:

291 1799 342 1875 qui
364 1799 422 1856 nisi
441 1799 585 1874 probrum
607 1797 711 1855 omnia
733 1797 792 1855 alia
815 1797 960 1856 indelicta
983 1796 1158 1866 aestimant,

229 1927 283 1984 pro
307 1926 368 1984 quo
392 1908 488 1966 Plaut
513 1907 606 1968 Poen.
630 1907 659 1963 V
683 1911 711 1976 4,
736 1909 790 1967 1οε

471 2019 554 2094 quod
576 2018 628 2093 pol
651 2018 760 2076 ceteris
781 2015 922 2074 omnibus
945 2017 1097 2078 factumst.

229 2128 321 2186 aliam
343 2128 493 2186 eiusmodi
512 2129 682 2185 iuncturam
704 2127 735 2184 in
758 2126 867 2188 Plauto
889 2145 953 2184 non
972 2126 1075 2184 inveni
1087 2121 1122 2206 ¹).
1145 2128 1248 2204 Atque
1264 2127 1330 2203 ipse

230 2239 340 2296 Accius
362 2237 412 2294 ille
435 2225 551 2313 prag'm.
575 2237 589 2294 I
613 2241 629 2296 1
654 2238 703 2314 (L.
726 2235 865 2315 Mueller)
888 2239 984 2298 haee:

892 2357 924 2406 et
946 2355 1057 2406 cuncta
1080 2347 1143 2405 fieri
1164 2357 1267 2406 cetera

376 2456 528 2515 imbecilla
550 2458 590 2514 ob
611 2457 838 2534 ponderitatem
855 2459 1101 2534 gravitatemque
1124 2457 1264 2516 nominis,

231 2565 311 2624 Tum
333 2567 466 2624 Lucilius
486 2555 548 2624 ‘alii
571 2551 691 2624 omnes'
713 2575 823 2642 quater
844 2569 1017 2643 componit:

305 2675 350 2734 XI
374 2677 412 2734 23
435 2693 471 2750 sq
497 2670 572 2752 (Mlz
927 2676 1010 2735 hunc
1032 2676 1149 2735 Tullius
1172 2677 1297 2754 inquam

506 2786 600 2843 index
622 2784 769 2843 heredem
792 2786 874 2860 lacit,
904 2794 937 2844 et
958 2787 1096 2844 damnati
1117 2787 1167 2844 alii
1188 2804 1306 2854 omnes,

293 2895 398 2953 XXIX
422 2897 479 2956 16:
504 2896 635 2969 ecpendi
656 2893 748 2969 longe
772 2912 866 2971 opera
889 2903 961 2952 ante
984 2895 1043 2953 alia
1065 2896 1168 2952 omnia

422 3007 475 3064 58:
505 3006 588 3061 adde
615 3006 690 3062 alios
713 3010 819 3062 omnes
842 3022 912 3061 meo
934 3005 1048 3080 periclo
1070 3023 1108 3062 ex
1131 3005 1239 3063 ordine

423 3115 475 3172 89:
499 3115 602 3171 omnia
625 3115 682 3172 alia
709 3115 740 3170 in
764 3114 872 3190 quibus
903 3113 1064 3196 scierimus
1091 3114 1191 3184 rebus,
1229 3131 1269 3171 ne

949 3240 1009 3298 ego
1029 3223 1130 3280 multis
1152 3223 1268 3298 loquar.

228 3317 396 3390 ‘Ceterum'
411 3341 443 3389 et
460 3317 573 3391 ‘alium'
588 3329 812 3391 coniunxerunt
820 3332 1052 3409 Pomponiuset
1062 3331 1178 3391 Novius
1194 3332 1330 3392 versibus

232 3441 407 3510 simillumis,
431 3441 481 3498 ille
504 3460 531 3500 v.
554 3443 629 3501 182:

381 3567 505 3607 omnem
526 3558 662 3607 ceterum
684 3551 776 3610 alium
798 3551 979 3627 praeberem
999 3570 1124 3628 penum,

231 3657 281 3716 hic
303 3677 330 3719 v.
355 3659 429 3721 101:

381 3786 503 3827 omnem
526 3777 661 3827 ceterum
682 3769 771 3828 alium
793 3772 975 3847 praeberem
998 3770 1106 3831 cibum.

335 3925 358 3992 l)
377 3942 436 3976 nam
460 3928 542 3978 Poen.
562 3929 603 3978 111
621 3928 646 3986 l,
669 3928 686 3980 8
714 3927 818 3994 ‘ibique
846 3927 947 3994 reliqua
965 3927 1019 3977 alia
1038 3925 1225 3977 fabulabimur'
1252 3927 1332 3978 verba

191 4042 193 4046 ·
233 4028 355 4089 corrupta
374 4024 396 4072 si
415 4029 443 4072 ut
461 4024 573 4073 Kochio
605 4024 706 4090 (Fleck.
726 4041 786 4076 ann.
808 4025 884 4075 CVII
904 4021 966 4090 24³)
995 4023 1081 4090 placet
1100 4023 1268 4074 emendamus
1287 4023 1334 4072 ‘ibi

232 4136 300 4186 quae
320 4128 380 4170 sunt
392 4120 499 4171 relicua'
519 4138 565 4187 eqs
584 4123 618 4172 ad
638 4137 669 4172 ea
688 4122 808 4188 exempla
826 4121 955 4172 accedunt
973 4136 1041 4186 quae
1062 4137 1140 4187 supra
1158 4137 1189 4172 ex
1206 4120 1333 4171 Terentio

232 4218 327 4268 Plauto
346 4219 433 4268 Ennio
455 4219 671 4270 enumeravimus,
