3138 4896
744 327 779 380 '25

208 513 382 564 ceterorum
403 519 545 561 versuum
569 510 641 579 apte
657 501 802 580 coniungi
823 508 962 578 possunt.
994 501 1028 560 ln
1042 521 1069 561 v.
1087 504 1146 561 157
1163 499 1308 560 offendit:

92 663 96 672 .
208 612 272 673 noli
295 629 478 671 suscensere
500 629 554 670 ero
576 629 647 671 meo
669 629 764 671 causa
784 629 864 680 mea,
898 611 983 686 quod
1010 612 1169 687 quomodo
1190 612 1233 670 ad
1252 629 1308 671 no·

207 733 303 782 stram
338 737 484 780 scaenam
506 721 661 798 pertineat
683 737 748 779 non
780 719 929 790 videmus,
959 720 998 778 ci.
1023 719 1171 779 Goetzius
1194 719 1214 777 ll
1236 739 1307 798 pag.

207 834 279 893 316.
313 832 360 890 Ex
381 830 447 890 aliis
470 830 580 889 sabulis
596 829 645 888 hic
659 845 764 888 versus
785 829 885 888 illatus
901 829 1032 901 videtur,
1053 829 1091 890 cf.
1104 830 1215 907 Amph.
1231 831 1307 892 540:

421 939 485 998 noli
506 939 629 1010 amabo,
653 937 844 1016 Amphitruo,
865 937 955 998 irasci
977 938 1085 998 Sosiae
1106 955 1202 998 causa
1224 957 1295 998 mea

182 1037 292 1112 sshsin.
317 1051 393 1110 417:
415 1065 532 1126 quaeso
566 1048 670 1107 hercle
706 1048 784 1117 noli,
826 1048 957 1118 Saurea,
992 1064 1062 1106 mea
1100 1065 1194 1106 causa
1227 1049 1309 1107 hunc

1071 1157 1244 1218 verberare.

208 1269 255 1328 Ex
279 1267 400 1328 duabus
415 1267 551 1346 partibus
573 1285 601 1328 v.
616 1269 675 1328 165
693 1266 844 1326 coaluisse
861 1266 999 1325 videtur:
1021 1267 1118 1343 prima
1133 1267 1199 1326 eius
1215 1268 1307 1326 verba

209 1379 289 1438 hene
313 1385 429 1437 coeunt
451 1393 521 1436 eum
544 1395 570 1438 v.
592 1385 761 1453 sequente:

541 1515 543 1519 ·
645 1499 739 1562 atque
763 1485 813 1543 hic
833 1503 873 1543 ne
895 1503 945 1543 me
968 1484 1109 1544 verberet

406 1597 486 1657 male
508 1595 648 1667 formido,

206 1717 345 1768 extrema
372 1700 474 1766 ‘illum
496 1705 590 1766 iaciat
610 1704 669 1764 nisi
690 1713 722 1762 te
741 1699 893 1782 propitio’
925 1721 1029 1762 versus
1056 1705 1214 1780 sequentis
1238 1705 1305 1764 linis

207 1836 278 1878 esse
300 1819 451 1893 videntur,
476 1817 518 1874 ad
549 1815 632 1874 hunc
663 1831 782 1873 versum
816 1815 1021 1891 supplendum
1043 1815 1193 1890 repetitus
1213 1822 1305 1892 atque

207 1937 272 1988 tum
293 1935 459 2010 corruptus,

306 2037 363 2096 His
386 2035 487 2095 causis
520 2034 632 2093 ductus
659 2035 748 2093 nullis
771 2011 838 2093 aliis
860 2034 959 2092 verbis
981 2034 1012 2091 in
1034 2051 1148 2093 scaena
1170 2032 1306 2110 genuina

208 2147 406 2224 Milphionem
426 2143 620 2204 meretricem
656 2144 824 2203 allocutum
847 2161 918 2202 esse
940 2160 1055 2202 censeo
1077 2143 1136 2202 nisi
1157 2163 1185 2201 v.
1203 2145 1303 2204 152-

210 2257 279 2316 tot.
312 2257 394 2332 Apte
416 2253 448 2314 hi
468 2261 671 2314 conectuntur
692 2255 730 2312 et
746 2271 817 2312 cum
837 2273 865 2312 v.
883 2255 942 2313 146
965 2261 997 2311 et
1020 2271 1090 2311 cum
1110 2273 1138 2314 v.
1157 2256 1217 2316 168
1236 2272 1303 2334 sqq.

100 2448 103 2452 Ι
208 2365 309 2424 Etiam
330 2363 493 2435 Dalatzlrr),
516 2365 668 2439 quimus.
702 2363 802 2424 Rhen.
826 2363 931 2422 XXIV
952 2381 1023 2439 pag.
1048 2363 1109 2424 572
1131 2365 1205 2423 adn.
1229 2364 1305 2424 ode

206 2473 252 2532 his
273 2473 410 2532 versibus
443 2474 517 2552 egit,
550 2473 710 2551 Gepperto
737 2473 927 2550 obloquitur:
961 2481 1082 2550 praeter
1117 2489 1172 2532 eos
1200 2491 1306 2534 versus

206 2601 284 2660 quos
317 2599 375 2642 nos
397 2584 594 2655 servavimus,
627 2583 741 2641 retinet
771 2584 948 2643 147—151.
982 2585 1050 2643 155.
1087 2586 1156 2644 156.
1193 2585 1252 2644 162
1278 2585 1305 2643 A

204 2689 258 2768 (τε
272 2693 331 2754 166
345 2685 582 2770 Par-latinorum:
606 2691 656 2750 cui
670 2692 842 2750 sententiae
853 2709 907 2750 cur
922 2680 1100 2766 adstipulari
1112 2705 1175 2750 non
1190 2693 1306 2770 possim

209 2819 246 2860 ex
260 2802 362 2880 causis
386 2819 479 2879 sopra
498 2801 597 2860 allatis
614 2803 724 2861 elucet.
750 2801 841 2874 Quae
856 2808 975 2859 restant
990 2799 1101 2858 Goetai
1122 2811 1304 2876 argumenta

206 2913 247 2971 ad
270 2929 377 2970 versus
395 2913 559 2972 123--133
582 2916 734 2986 spectant,
757 2925 835 2984 quos
851 2909 1010 2986 Hesperus
1033 2928 1089 2968 suo
1103 2910 1168 2969 iure
1182 2911 1304 2972 delevit.

253 3033 256 3054 ³
306 3021 377 3080 Hoc
398 3021 493 3080 modo
514 3020 540 3079 si
562 3019 650 3079 huius
673 3035 806 3078 scaenae
822 3019 938 3078 exitum
960 3027 1070 3078 contra
1085 3019 1193 3080 Goetz.
1217 3027 1303 3078 tene·

205 3149 282 3202 mus,
306 3141 338 3190 et
353 3133 526 3207 exemplum
541 3148 673 3189 scaenae
688 3130 858 3189 simillimae
872 3128 965 3189 Most.
989 3129 1003 3186 1
1018 3131 1037 3190 3
1055 3128 1220 3206 sequimur,
1244 3147 1305 3205 qua

204 3244 236 3300 in
258 3258 371 3302 scaena
393 3240 586 3301 Philolaches
608 3239 737 3316 primum
761 3240 891 3299 amicam
911 3239 1041 3314 eiusque
1063 3256 1182 3297 servam
1197 3237 1304 3296 obser-

205 3361 266 3422 vat,
294 3358 360 3410 tum
380 3345 424 3425 (v.
448 3348 523 3426 293)
546 3367 600 3408 eas
628 3351 817 3426 adgreditur,
840 3357 873 3407 et
902 3348 1059 3425 sequentis
1079 3365 1214 3408 scaenae
1232 3367 1260 3409 v.
1286 3353 1301 3406 1

205 3463 317 3521 rectius
349 3449 575 3536 intellegemus,
609 3478 672 3536 quo
702 3477 807 3519 servos
830 3459 869 3518 ab
895 3459 1097 3536 Agorastocle
1127 3457 1304 3516 admonitus

205 3580 239 3630 ut
261 3571 390 3630 consilio
412 3587 499 3629 erum
520 3571 645 3629 adiuvet
666 3570 771 3628 statim
790 3569 885 3629 verba
905 3567 1077 3648 profundit:
1102 3563 1155 3625 ‘ut
1177 3585 1304 3626 mever·

206 3675 324 3756 heres’3
347 3728 354 3742 .
376 3725 384 3742 .
405 3699 478 3740 nam

367 3809 396 3852 v.
419 3792 439 3848 4
461 3789 609 3848 maiorem
630 3795 750 3867 partem
771 3788 803 3846 in
825 3805 878 3846 ore
901 3787 1022 3848 habitas
1043 3803 1132 3846 meo:

205 3908 290 3959 certe
305 3900 331 3959 si
345 3892 413 3959 tota
426 3899 531 3959 fabula
541 3898 668 3976 Milphio
682 3914 747 3958 non
761 3898 896 3978 vapulat,
919 3875 1027 3958 horum
1044 3912 1185 3956 versuum
1200 3905 1305 3973 aptam

204 4027 267 4073 non
293 4010 431 4074 videmus
454 4023 589 4071 causam.
