3138 4896
792 261 826 316 82

256 421 522 516 praestolabimur'
537 435 738 512 sequentibus
753 435 946 506 oblocuntur‚
968 434 1042 512 quia
1063 454 1091 498 v.
1104 437 1144 498 44
1158 430 1220 510 (vel
1235 435 1357 496 alterius

256 546 444 610 recensionis
466 564 493 608 v.
507 544 561 624 42)
583 546 803 622 Agorastocles
824 552 858 604 ut
883 545 992 621 puellis
1008 544 1131 604 obviam
1151 554 1226 604 eant
1241 555 1356 608 monet

256 656 327 716 Non
350 655 458 715 dubito
479 655 570 731 igitur
592 673 662 716 cum
682 653 897 716 Brachmanno
919 647 975 732 (de
991 654 1181 716 Bacchidum
1196 655 1356 716 Plautinae

256 765 476 826 retractatione
495 765 638 824 scaenica
653 764 756 841 capita
771 764 918 841 quinque,
932 763 964 822 in
978 765 1059 825 stud
1073 763 1154 840 Lips.
1173 763 1219 824 111
1233 783 1305 842 pag.
1318 768 1357 826 76

257 876 330 934 adn.
353 874 386 952 2)
414 883 550 936 statuere
572 873 629 933 hos
651 891 757 934 versus
786 892 825 932 ex
847 874 907 933 alia
929 872 1052 934 tabulae
1076 875 1259 934 recensione
1283 893 1355 934 esse

256 984 388 1046 relictos.

766 1167 845 1231 vl.

355 1315 457 1374 Etiam
485 1315 517 1374 in
547 1314 607 1374 hac
633 1329 746 1372 scaena
773 1313 980 1372 retractatoris
1011 1312 1139 1390 vestigia
1166 1313 1269 1376 inesse
1296 1315 1356 1374 iam

256 1425 416 1502 Hesperus
441 1425 551 1494 effecit,
584 1423 642 1482 sed
668 1430 703 1481 ut
732 1422 799 1499 ipse
826 1423 999 1498 suspicatur
1026 1422 1146 1499 longius
1180 1441 1219 1484 ea
1249 1432 1357 1500 patere

256 1535 368 1596 iudico.
414 1533 494 1593 Nam
523 1551 594 1592 cum
611 1514 729 1592 ¹ceteris
755 1532 946 1593 orationibus
968 1532 1188 1609 Adelphasium
1209 1551 1279 1592 vere
1308 1534 1358 1592 in·

256 1662 389 1721 genuam
408 1643 541 1721 puellam
563 1660 597 1700 se
622 1641 781 1719 praebeat,
805 1661 833 1702 v.
848 1643 887 1702 22
905 1659 941 1718 sq
956 1641 1121 1718 insipidum
1142 1650 1355 1718 argumentum

559 1769 600 1810 an
621 1747 694 1810 verd
719 1749 824 1827 pulcra
844 1750 961 1820 videre,
982 1748 1112 1811 dbsecro
1119 1745 1156 1828 1),

503 1862 529 1920 si
550 1859 606 1920 tlbi
628 1860 669 1918 illi
690 1877 754 1919 non
775 1878 811 1920 os
834 1858 993 1921 dblitumst
1014 1856 1157 1937 fuligine?

255 1972 381 2031 nimium
412 1970 665 2030 exhorrescimus.
719 1969 828 2046 Neque
854 1970 885 2028 in
911 1969 1109 2047 sequentibus
1133 1971 1268 2030 versibus
1296 1970 1356 2030 sin·

257 2083 395 2158 gulorum
429 2081 584 2140 orationes
618 2097 725 2140 eorum
752 2080 886 2139 moribus
908 2081 1113 2156 respondent:
1144 2097 1185 2140 an
1215 2081 1354 2140 tolerabi-

257 2208 325 2249 mus
346 2189 533 2249 Hannonem
558 2206 665 2247 senem
686 2189 765 2249 tales
786 2188 918 2265 ineptias
942 2189 1124 2248 fundentem
1147 2190 1227 2250 inv.
1252 2193 1292 2251 28

497 2298 591 2358 habet
614 2299 708 2376 patris
730 2299 885 2380 ingenium
907 2300 993 2376 quod
1014 2295 1113 2377 sapit?

357 2409 399 2468 At
427 2427 467 2467 ne
494 2408 596 2467 desint
631 2408 745 2467 indicia
775 2425 793 2466 e
826 2425 970 2466 sermone
1003 2418 1135 2488 sumpta,
1166 2427 1355 2488 magnopere

258 2519 366 2578 dubito
385 2536 457 2578 num
478 2518 604 2576 Plautus
627 2517 685 2576 hac
708 2526 859 2576 structura
879 2517 923 2576 uti
950 2520 1103 2596 potuerit:
1131 2511 1354 2595 ‘praestitimus

257 2630 336 2689 inter
367 2624 464 2690 alias’.
512 2628 606 2705 Apud
629 2627 770 2687 Plautum
791 2637 915 2706 praeter
936 2645 990 2686 eos
1025 2627 1121 2699 locos,
1150 2629 1258 2707 quibus
1285 2645 1352 2686 cum

259 2738 403 2816 singulari
427 2755 555 2797 numero
579 2725 755 2816 ‘praestare’
786 2737 996 2814 coniungitur:

211 2886 222 2902 .
333 2847 445 2910 Bacch.
469 2849 546 2909 386:
573 2847 689 2906 homini
710 2846 810 2906 amico
832 2895 840 2911 .
864 2845 888 2909 .'

575 2957 634 3021 nisi
656 2957 735 3016 deos
758 2957 787 3016 ei
812 2958 854 3015 nil
875 2966 1035 3033 praestare

330 3071 406 3129 973:
428 3068 486 3126 sed
508 3066 645 3125 Priamus
667 3066 716 3125 hic
738 3066 835 3125 multo
856 3066 897 3125 illi
918 3075 1057 3146 praestat

256 3176 319 3238 Mil.
334 3179 408 3238 7⁷7:
432 3185 524 3254 atque
545 3176 570 3234 is
588 3176 756 3235 Alexandri
770 3183 928 3253 praestare
949 3176 1109 3252 praedicat
1129 3173 1246 3233 formae
1268 3191 1355 3234 suam

256 3286 303 3344 bis
325 3285 478 3344 invenitur
500 3303 568 3344 cum
591 3285 696 3345 dativo
717 3285 824 3363 plurali
846 3287 1063 3362 compositum:

322 3392 392 3456 Cas.
407 3394 479 3465 113,
501 3397 539 3454 4:
573 3411 628 3452 eos
650 3413 689 3454 eo
715 3395 913 3454 condimento
935 3413 997 3454 uno
1029 3411 1094 3453 non
1115 3394 1193 3454 utier
1214 3394 1353 3454 omnibus

1016 3505 1102 3582 quod
1123 3513 1268 3582 praestat.

321 3622 353 3673 et
364 3611 455 3675 Truc.
469 3615 543 3674 3⁷2:
575 3612 636 3672 hoc
658 3613 717 3672 tuis
740 3613 878 3684 fortunis,
906 3613 1051 3692 luppiter,
1073 3621 1233 3692 praestant
1256 3631 1354 3676 meae.

356 3723 393 3781 In
414 3721 541 3805 Terenti
562 3722 671 3782 fabulis
702 3740 767 3781 non
800 3723 859 3781 nisi
884 3724 1023 3800 exempla
1044 3723 1204 3802 singularis
1237 3725 1355 3783 numeri

257 3839 392 3893 exstant:
414 3831 495 3895 Eun.
518 3834 587 3894 232.
609 3829 703 3894 Haut.
726 3835 797 3894 876.
820 3831 942 3893 Phorm.
962 3831 1033 3894 790.

258 3981 455 3991 ——n——n

358 4074 382 4140 1)
400 4089 490 4126 versus
509 4073 629 4142 quamvis
655 4073 765 4126 dubium
793 4073 828 4125 sit
846 4073 968 4142 discripsi
998 4089 1030 4124 ex
1049 4072 1203 4126 auctoritate
1220 4073 1355 4126 Palatino·

258 4186 327 4223 rum:
350 4178 379 4222 ut
397 4169 441 4221 hic
460 4185 552 4222 versus
570 4171 734 4223 octonarium
752 4171 903 4240 iambicum,
928 4185 1042 4238 sequens
1064 4171 1194 4222 senarium
1211 4170 1314 4224 efficiat.
