3138 4896
785 360 818 413 11

248 535 305 596 hos
327 555 366 594 ex
398 545 505 594 nostro
533 545 564 595 et
594 555 632 594 ex
654 535 925 596 Menaechmorum
954 533 1084 616 prologo
1117 536 1228 596 similes
1262 537 1352 596 eiecit

249 645 408 722 Hesperus
439 645 471 720 (ll
498 665 568 722 pag.
601 642 664 723 28).
722 643 789 704 Nec
821 663 848 706 v.
872 649 908 705 91
942 655 974 703 et
1001 648 1040 704 99
1075 646 1115 703 ab
1148 647 1260 704 eodem
1290 665 1350 722 quo

250 767 369 814 ceteros
393 756 580 832 compositos
605 771 674 813 esse
696 763 789 831 poeta
809 754 929 814 iudico:
953 773 1026 814 nam
1049 773 1150 831 neque
1172 773 1242 814 curn
1264 773 1351 832 prae·

248 865 389 924 euntibus
414 881 515 940 neque
548 879 618 923 cum
650 863 850 940 sequentibus
879 873 951 940 apte
982 865 1137 922 coniuncti
1166 873 1247 934 sunt,
1282 883 1351 923 cum

247 975 328 1032 bene
350 975 429 1032 inter
451 993 485 1031 se
508 973 695 1034 cohaereant
719 991 746 1033 v.
763 975 804 1032 90
826 981 858 1031 et
882 969 937 1035 99.Δ
972 975 1104 1032 Accedit
1128 975 1215 1050 quod
1237 975 1267 1031 in
1290 973 1349 1032 hoc

248 1085 376 1160 prologo
390 1083 499 1142 nullius
514 1099 667 1159 personae
678 1083 794 1141 mentio
809 1083 842 1142 fit
859 1083 1163 1172 nominatimtquam
1173 1083 1214 1141 ob
1227 1065 1351 1141 causam

247 1193 339 1267 igitur
357 1194 486 1268 lenonis
517 1194 604 1251 cuius
635 1211 734 1268 aeque
761 1208 798 1251 ac
825 1193 1019 1252 meretricum
1047 1190 1183 1251 militum
1206 1193 1351 1268 tarpessi·

249 1311 347 1360 tarum
378 1283 545 1378 numquam
567 1302 599 1360 in
620 1299 756 1378 prologis
787 1321 901 1360 nomen
924 1298 1080 1360 adfertur?
1114 1320 1141 1363 v.
1165 1303 1205 1362 99
1236 1294 1267 1359 'et
1291 1304 1351 1361 100

248 1421 359 1489 postea
381 1413 506 1470 additos
532 1427 601 1470 esse
613 1411 771 1487 Hesperus
788 1413 876 1470 vidit:
900 1413 949 1470 cui
970 1413 1062 1488 plane
1085 1409 1257 1487 adstipulor
1278 1411 1351 1488 quia

249 1523 314 1580 istis
337 1522 475 1580 versibus
507 1521 581 1580 nihil
614 1523 697 1582 aliud
729 1523 841 1580 dicitur
873 1539 964 1596 quam
992 1521 1075 1598 quod
1106 1537 1132 1582 v.
1162 1522 1201 1580 98
1234 1522 1350 1579 verbis:

248 1623 364 1708 ‘neque
391 1649 461 1688 eam
492 1647 638 1707 umquam
667 1616 783 1706 tetigit’
816 1647 994 1704 expressum
1021 1639 1078 1689 est.
1128 1629 1155 1688 Α
1182 1629 1291 1688 Plauto
1319 1639 1351 1688 et

250 1741 402 1798 veteribus
425 1755 479 1797 eos
513 1757 583 1797 esse
606 1739 723 1796 alienos
746 1737 912 1814 Langenus
936 1740 1055 1796 monuit
1087 1735 1141 1816 (ad
1164 1736 1261 1799 Plauti
1283 1739 1349 1802 eris,

249 1859 280 1908 et
302 1851 424 1925 interpr.
448 1849 543 1926 symb.
566 1867 637 1925 pag.
658 1849 743 1920 194).

328 1959 412 2016 -Iam
437 1960 479 2016 ad
506 1958 629 2016 ultimos
652 1971 756 2016 versus
786 1959 964 2018 accedimus
985 1957 1071 2016 'male
1093 1959 1182 2017 nobis
1210 1959 1349 2020 traditos.

248 2069 428 2142 Argumenti
462 2069 615 2126 enarratio
648 2069 733 2126 linita
760 2077 808 2127 est
839 2086 928 2126 versu
956 2069 1024 2140 114,
1058 2076 1223 2146 postquam
1253 2076 1350 2126 totam

217 2233 219 2238 .
249 2178 474 2253 expositionem
500 2178 645 2252 prologus
667 2177 712 2236 his
735 2179 833 2236 verbis
856 2177 1039 2236 terminavit:

805 2289 880 2364 quid
901 2287 999 2345 verbis
1022 2283 1133 2364 opust?
1181 2315 1184 2320 ·

398 2396 424 2453 is
445 2395 510 2453 heri
531 2395 590 2454 huc
611 2397 642 2454 in
667 2405 789 2473 portum
811 2395 881 2455 navi
902 2397 984 2455 venit
1004 2397 1132 2472 vesperi.

249 2504 398 2578 Adiungit
419 2504 465 2562 his
488 2519 608 2562 versum
632 2507 706 2564 115:

398 2622 487 2689 pater
508 2613 632 2683 harunc,
654 2613 737 2672 idern
757 2613 829 2672 huic
852 2622 976 2690 patruos
999 2613 1232 2673 adulescentulo
1242 2609 1267 2691 ¹)

250 2736 312 2795 quo
342 2728 532 2795 spectatores
564 2721 727 2780 Hannonis
763 2739 832 2822 cnm
865 2723 1065 2798 Agorastocle
1098 2731 1190 2799 atque
1229 2723 1349 2783 duabus

249 2829 356 2904 puellis
373 2823 583 2888 familiaritatis
607 2831 764 2910 admonet,
786 2840 879 2908 atque
901 2832 981 2889 bene
1003 2833 1095 2890 totius
1117 2833 1236 2910 prologi
1257 2833 1350 2893 linem

249 2938 322 2997 facit
345 2938 479 2996 versibus
504 2939 563 2998 116
579 2947 619 2998 et
642 2941 712 3007 117,
744 2941 852 3016 quibus
881 2941 1049 3000 clausulam
1071 2942 1215 3000 addimus
1238 2960 1265 3004 v.
1290 2943 1348 3002 126

420 3047 529 3120 valete,
553 3049 678 3105 adeste:
700 3048 762 3116 ibo,
789 3049 866 3108 alius
889 3065 972 3108 nunc
992 3049 1057 3108 lieri
1079 3051 1159 3111 volo.

249 3151 310 3224 Qui
336 3153 531 3211 intercedunt
563 3154 612 3211 vel
640 3153 785 3213 secuntur
816 3173 920 3214 versus
954 3158 1030 3217 alius
1059 3177 1130 3218 esse
1159 3160 1349 3219 recensionis

248 3271 341 3339 atque
364 3263 535 3339 superiores
558 3281 596 3320 ex
618 3262 664 3320 his
686 3264 822 3322 versibus
844 3267 1028 3342 comparatis
1051 3269 1164 3326 elucet:

359 3375 419 3433 119
441 3373 492 3432 llle
516 3372 568 3448 qui
590 3374 750 3449 adoptavit
771 3373 854 3432 hunc
876 3376 933 3434 sibi
953 3395 1008 3453 pro
1031 3373 1125 3452 fillo²l

439 3482 465 3539 is
487 3482 530 3540 illi
552 3481 669 3553 Poeno,
692 3483 817 3543 huiusce
839 3483 983 3566 petraei)
1010 3487 1124 3564 hospes
1147 3489 1204 3547 fult

786 3603 818 3652 et

376 3703 414 3762 75
437 3703 511 3761 emit
532 3702 716 3780 hospitalem
737 3705 763 3762 is
784 3704 877 3762 lilium
899 3706 1076 3782 imprudens
1099 3722 1210 3777 senex;

247 3829 349 3888 neque
373 3813 423 3889 qui
445 3820 562 3870 restant
585 3829 687 3870 versus
709 3829 779 3871 cum
793 3815 903 3872 ceteris
927 3809 1050 3885 coeunt,
1075 3817 1146 3892 quia
1160 3825 1231 3893 post
1246 3835 1273 3888 v.
1290 3820 1349 3877 114

350 4073 373 4135 ll
392 4071 508 4124 codices:
528 4071 731 4122 adulescentulo
749 4077 795 4124 est.

345 4165 375 4234 2)
394 4167 452 4220 cod.
472 4167 542 4218 hunc
561 4183 610 4234 pro
629 4167 684 4217 filio
703 4167 764 4228 sibi,
783 4171 867 4218 metro
887 4173 1038 4236 respuente.

347 4263 373 4332 3)
392 4264 451 4316 cod.
469 4263 545 4330 patri,
564 4279 631 4317 corr.
650 4265 793 4314 Lomenus.
