<?xml version="1.0" encoding="UTF-8"?>
<!DOCTYPE html PUBLIC "-//W3C//DTD XHTML 1.0 Transitional//EN"
    "http://www.w3.org/TR/xhtml1/DTD/xhtml1-transitional.dtd">
<html xmlns="http://www.w3.org/1999/xhtml" xml:lang="en" lang="en">
 <head>
  <title>
</title>
<meta http-equiv="Content-Type" content="text/html;charset=utf-8" />
  <meta name='ocr-system' content='tesseract 3.04.00' />
  <meta name='ocr-capabilities' content='ocr_page ocr_carea ocr_par ocr_line ocrx_word'/>
</head>
<body>
  <div class='ocr_page' id='page_1' title='image "./depoenuloplauti01schugoog_0042.png"; bbox 0 0 3138 4896; ppageno 0'>
   <div class='ocr_carea' id='block_1_1' title="bbox 760 343 795 394">
    <p class='ocr_par' dir='ltr' id='par_1_1' title="bbox 760 343 795 394">
     <span class='ocr_line' id='line_1_1' title="bbox 760 343 795 394; baseline 0 0"><span class='ocrx_word' id='word_1_1' title='bbox 760 343 795 394; x_wconf 84' lang='lat'><strong>³7</strong></span> 
     </span>
    </p>
   </div>
   <div class='ocr_carea' id='block_1_2' title="bbox 180 520 1329 1143">
    <p class='ocr_par' dir='ltr' id='par_1_2' title="bbox 180 520 1329 1143">
     <span class='ocr_line' id='line_1_2' title="bbox 225 520 1327 596; baseline 0.003 -20"><span class='ocrx_word' id='word_1_2' title='bbox 225 537 389 596; x_wconf 85' lang='lat' dir='ltr'>personam</span> <span class='ocrx_word' id='word_1_3' title='bbox 412 520 536 578; x_wconf 88' lang='lat' dir='ltr'><strong>codices</strong></span> <span class='ocrx_word' id='word_1_4' title='bbox 569 538 689 578; x_wconf 91' lang='lat' dir='ltr'><strong>versum</strong></span> <span class='ocrx_word' id='word_1_5' title='bbox 723 520 910 596; x_wconf 89' lang='lat' dir='ltr'><strong>superiorem</strong></span> <span class='ocrx_word' id='word_1_6' title='bbox 944 522 1101 580; x_wconf 83' lang='lat' dir='ltr'>dicentem</span> <span class='ocrx_word' id='word_1_7' title='bbox 1143 523 1257 580; x_wconf 85' lang='lat' dir='ltr'><strong>saciant</strong></span> <span class='ocrx_word' id='word_1_8' title='bbox 1290 541 1327 579; x_wconf 87' lang='lat' dir='ltr'><strong>ex</strong></span> 
     </span>
     <span class='ocr_line' id='line_1_3' title="bbox 226 629 1327 707; baseline 0.002 -20"><span class='ocrx_word' id='word_1_9' title='bbox 226 629 375 706; x_wconf 85' lang='lat' dir='ltr'><strong>Gepperti</strong></span> <span class='ocrx_word' id='word_1_10' title='bbox 403 629 540 688; x_wconf 82' lang='lat' dir='ltr'><strong>editione</strong></span> <span class='ocrx_word' id='word_1_11' title='bbox 572 647 627 706; x_wconf 91' lang='lat' dir='ltr'><strong>pro</strong></span> <span class='ocrx_word' id='word_1_12' title='bbox 656 638 741 688; x_wconf 88' lang='lat' dir='ltr'><strong>certo</strong></span> <span class='ocrx_word' id='word_1_13' title='bbox 776 648 882 688; x_wconf 90' lang='lat' dir='ltr'><strong>eruere</strong></span> <span class='ocrx_word' id='word_1_14' title='bbox 916 650 979 689; x_wconf 92' lang='lat' dir='ltr'><strong>non</strong></span> <span class='ocrx_word' id='word_1_15' title='bbox 1013 649 1158 707; x_wconf 89' lang='lat' dir='ltr'><strong>possum:</strong></span> <span class='ocrx_word' id='word_1_16' title='bbox 1192 640 1275 690; x_wconf 90' lang='lat' dir='ltr'><strong>certe</strong></span> <span class='ocrx_word' id='word_1_17' title='bbox 1297 631 1327 689; x_wconf 93' lang='lat' dir='ltr'>D</span> 
     </span>
     <span class='ocr_line' id='line_1_4' title="bbox 226 735 1329 812; baseline 0.003 -16"><span class='ocrx_word' id='word_1_18' title='bbox 226 735 387 806; x_wconf 79' lang='lat' dir='ltr'><strong>(Ritscheti</strong></span> <span class='ocrx_word' id='word_1_19' title='bbox 409 738 449 812; x_wconf 83' lang='lat' dir='ltr'><strong>C)</strong></span> <span class='ocrx_word' id='word_1_20' title='bbox 482 757 603 797; x_wconf 88' lang='lat' dir='ltr'><strong>versum</strong></span> <span class='ocrx_word' id='word_1_21' title='bbox 633 741 688 798; x_wconf 89' lang='lat' dir='ltr'><strong>dat</strong></span> <span class='ocrx_word' id='word_1_22' title='bbox 715 739 871 800; x_wconf 84' lang='lat' dir='ltr'><strong>Hannoni.</strong></span> <span class='ocrx_word' id='word_1_23' title='bbox 923 741 1036 799; x_wconf 85' lang='lat' dir='ltr'><strong>Pareus</strong></span> <span class='ocrx_word' id='word_1_24' title='bbox 1066 743 1159 800; x_wconf 84' lang='lat' dir='ltr'><strong>verba</strong></span> <span class='ocrx_word' id='word_1_25' title='bbox 1190 750 1329 800; x_wconf 87' lang='lat' dir='ltr'><strong>extrema</strong></span> 
     </span>
     <span class='ocr_line' id='line_1_5' title="bbox 180 848 1327 928; baseline 0.004 -21"><span class='ocrx_word' id='word_1_26' title='bbox 180 885 183 894; x_wconf 89' lang='lat'><em>·</em></span> <span class='ocrx_word' id='word_1_27' title='bbox 225 848 402 907; x_wconf 89' lang='lat' dir='ltr'><strong>Anterastili</strong></span> <span class='ocrx_word' id='word_1_28' title='bbox 434 849 539 908; x_wconf 85' lang='lat' dir='ltr'><strong>tribuit</strong></span> <span class='ocrx_word' id='word_1_29' title='bbox 568 849 641 907; x_wconf 89' lang='lat' dir='ltr'><strong>nihil</strong></span> <span class='ocrx_word' id='word_1_30' title='bbox 676 852 838 910; x_wconf 88' lang='lat' dir='ltr'><strong>adnotans.</strong></span> <span class='ocrx_word' id='word_1_31' title='bbox 898 851 946 907; x_wconf 88' lang='lat' dir='ltr'><strong>De</strong></span> <span class='ocrx_word' id='word_1_32' title='bbox 969 851 997 909; x_wconf 90' lang='lat' dir='ltr'>A</span> <span class='ocrx_word' id='word_1_33' title='bbox 1027 851 1201 928; x_wconf 90' lang='lat' dir='ltr'><strong>Geppertus</strong></span> <span class='ocrx_word' id='word_1_34' title='bbox 1235 860 1327 912; x_wconf 87' lang='lat' dir='ltr'><strong>tacet.</strong></span> 
     </span>
     <span class='ocr_line' id='line_1_6' title="bbox 225 957 1328 1034; baseline 0.003 -19"><span class='ocrx_word' id='word_1_35' title='bbox 225 957 279 1016; x_wconf 91' lang='lat' dir='ltr'><strong>Illa</strong></span> <span class='ocrx_word' id='word_1_36' title='bbox 291 966 393 1017; x_wconf 89' lang='lat' dir='ltr'><strong>autem</strong></span> <span class='ocrx_word' id='word_1_37' title='bbox 410 959 531 1017; x_wconf 90' lang='lat' dir='ltr'><strong>sirecte</strong></span> <span class='ocrx_word' id='word_1_38' title='bbox 546 959 710 1034; x_wconf 88' lang='lat' dir='ltr'><strong>disputavi,</strong></span> <span class='ocrx_word' id='word_1_39' title='bbox 733 960 767 1018; x_wconf 91' lang='lat' dir='ltr'><strong>id</strong></span> <span class='ocrx_word' id='word_1_40' title='bbox 783 961 868 1034; x_wconf 93' lang='lat' dir='ltr'><strong>quod</strong></span> <span class='ocrx_word' id='word_1_41' title='bbox 883 979 922 1017; x_wconf 85' lang='lat' dir='ltr'><strong>ex</strong></span> <span class='ocrx_word' id='word_1_42' title='bbox 934 962 1093 1018; x_wconf 85' lang='lat' dir='ltr'><strong>verborum</strong></span> <span class='ocrx_word' id='word_1_43' title='bbox 1110 962 1328 1018; x_wconf 90' lang='lat' dir='ltr'><strong>consecutione</strong></span> 
     </span>
     <span class='ocr_line' id='line_1_7' title="bbox 226 1049 1326 1143; baseline 0.004 -19"><span class='ocrx_word' id='word_1_44' title='bbox 226 1068 274 1124; x_wconf 82' lang='lat' dir='ltr'><strong>vix</strong></span> <span class='ocrx_word' id='word_1_45' title='bbox 296 1049 430 1125; x_wconf 79' lang='lat' dir='ltr'><strong>dribitari</strong></span> <span class='ocrx_word' id='word_1_46' title='bbox 451 1076 564 1143; x_wconf 87' lang='lat' dir='ltr'><strong>potest,</strong></span> <span class='ocrx_word' id='word_1_47' title='bbox 588 1087 616 1129; x_wconf 91' lang='lat' dir='ltr'><strong>v.</strong></span> <span class='ocrx_word' id='word_1_48' title='bbox 640 1071 679 1128; x_wconf 82' lang='lat'><strong>59</strong></span> <span class='ocrx_word' id='word_1_49' title='bbox 703 1068 813 1127; x_wconf 89' lang='lat' dir='ltr'><strong>saltem</strong></span> <span class='ocrx_word' id='word_1_50' title='bbox 835 1077 972 1127; x_wconf 86' lang='lat' dir='ltr'><strong>extrema</strong></span> <span class='ocrx_word' id='word_1_51' title='bbox 995 1071 1088 1128; x_wconf 87' lang='lat' dir='ltr'><strong>verba</strong></span> <span class='ocrx_word' id='word_1_52' title='bbox 1110 1071 1149 1126; x_wconf 91' lang='lat' dir='ltr'><strong>ab</strong></span> <span class='ocrx_word' id='word_1_53' title='bbox 1171 1070 1326 1129; x_wconf 85' lang='lat' dir='ltr'>Hannone</span> 
     </span>
    </p>
   </div>
   <div class='ocr_carea' id='block_1_3' title="bbox 139 1177 1327 1254">
    <p class='ocr_par' dir='ltr' id='par_1_3' title="bbox 139 1177 1327 1254">
     <span class='ocr_line' id='line_1_8' title="bbox 139 1177 1327 1254; baseline 0.003 -20"><span class='ocrx_word' id='word_1_54' title='bbox 139 1179 143 1188; x_wconf 81' lang='grc'><strong><em>’</em></strong></span> <span class='ocrx_word' id='word_1_55' title='bbox 226 1177 423 1253; x_wconf 87' lang='lat' dir='ltr'><strong>pronuntiata</strong></span> <span class='ocrx_word' id='word_1_56' title='bbox 448 1185 526 1252; x_wconf 90' lang='lat' dir='ltr'><strong>sunt,</strong></span> <span class='ocrx_word' id='word_1_57' title='bbox 550 1178 744 1252; x_wconf 86' lang='lat' dir='ltr'><strong>sequiturque</strong></span> <span class='ocrx_word' id='word_1_58' title='bbox 765 1179 797 1234; x_wconf 93' lang='lat' dir='ltr'><strong>in</strong></span> <span class='ocrx_word' id='word_1_59' title='bbox 819 1179 919 1253; x_wconf 92' lang='lat' dir='ltr'><strong>aliqua</strong></span> <span class='ocrx_word' id='word_1_60' title='bbox 947 1180 1070 1236; x_wconf 86' lang='lat' dir='ltr'><strong>actione</strong></span> <span class='ocrx_word' id='word_1_61' title='bbox 1094 1180 1327 1254; x_wconf 84' lang='lat' dir='ltr'><strong>Agorastoclem</strong></span> 
     </span>
    </p>
   </div>
   <div class='ocr_carea' id='block_1_4' title="bbox 218 1286 1329 2674">
    <p class='ocr_par' dir='ltr' id='par_1_4' title="bbox 224 1286 1251 1362">
     <span class='ocr_line' id='line_1_9' title="bbox 224 1286 1251 1362; baseline 0.005 -19"><span class='ocrx_word' id='word_1_62' title='bbox 224 1286 342 1362; x_wconf 88' lang='lat' dir='ltr'><strong>puellas</strong></span> <span class='ocrx_word' id='word_1_63' title='bbox 365 1286 464 1343; x_wconf 90' lang='lat' dir='ltr'><strong>iuius</strong></span> <span class='ocrx_word' id='word_1_64' title='bbox 487 1304 615 1344; x_wconf 91' lang='lat' dir='ltr'><strong>vocasse</strong></span> <span class='ocrx_word' id='word_1_65' title='bbox 638 1295 730 1362; x_wconf 87' lang='lat' dir='ltr'><strong>atque</strong></span> <span class='ocrx_word' id='word_1_66' title='bbox 752 1287 938 1345; x_wconf 87' lang='lat' dir='ltr'><strong>Hannonem</strong></span> <span class='ocrx_word' id='word_1_67' title='bbox 962 1305 1033 1346; x_wconf 90' lang='lat' dir='ltr'><strong>esse</strong></span> <span class='ocrx_word' id='word_1_68' title='bbox 1054 1297 1251 1348; x_wconf 88' lang='lat' dir='ltr'><strong>antestatum.</strong></span> 
     </span>
    </p>

    <p class='ocr_par' dir='ltr' id='par_1_5' title="bbox 218 1375 1329 2674">
     <span class='ocr_line' id='line_1_10' title="bbox 325 1375 1327 1473; baseline 0.003 -20"><span class='ocrx_word' id='word_1_69' title='bbox 325 1394 362 1456; x_wconf 93' lang='lat' dir='ltr'><strong>V.</strong></span> <span class='ocrx_word' id='word_1_70' title='bbox 387 1412 520 1470; x_wconf 88' lang='lat' dir='ltr'><strong>sequens</strong></span> <span class='ocrx_word' id='word_1_71' title='bbox 547 1395 621 1472; x_wconf 92' lang='lat' dir='ltr'><strong>quid</strong></span> <span class='ocrx_word' id='word_1_72' title='bbox 655 1397 686 1453; x_wconf 92' lang='lat' dir='ltr'><strong>in</strong></span> <span class='ocrx_word' id='word_1_73' title='bbox 713 1375 819 1456; x_wconf 82' lang='lat' dir='ltr'><strong>nostra</strong></span> <span class='ocrx_word' id='word_1_74' title='bbox 847 1415 961 1454; x_wconf 89' lang='lat' dir='ltr'><strong>scaena</strong></span> <span class='ocrx_word' id='word_1_75' title='bbox 990 1399 1090 1456; x_wconf 89' lang='lat' dir='ltr'><strong>valeat</strong></span> <span class='ocrx_word' id='word_1_76' title='bbox 1121 1416 1171 1455; x_wconf 91' lang='lat' dir='ltr'><strong>me</strong></span> <span class='ocrx_word' id='word_1_77' title='bbox 1203 1415 1327 1473; x_wconf 92' lang='lat' dir='ltr'><strong>prorsus</strong></span> 
     </span>
     <span class='ocr_line' id='line_1_11' title="bbox 226 1505 1328 1582; baseline 0.002 -21"><span class='ocrx_word' id='word_1_78' title='bbox 226 1522 290 1561; x_wconf 91' lang='lat' dir='ltr'><strong>non</strong></span> <span class='ocrx_word' id='word_1_79' title='bbox 312 1505 491 1580; x_wconf 85' lang='lat' dir='ltr'><strong>intellegere</strong></span> <span class='ocrx_word' id='word_1_80' title='bbox 516 1505 623 1566; x_wconf 83' lang='lat' dir='ltr'><strong>fateor.</strong></span> <span class='ocrx_word' id='word_1_81' title='bbox 682 1506 793 1565; x_wconf 91' lang='lat' dir='ltr'><strong>Denuo</strong></span> <span class='ocrx_word' id='word_1_82' title='bbox 822 1516 888 1564; x_wconf 91' lang='lat' dir='ltr'><strong>tum</strong></span> <span class='ocrx_word' id='word_1_83' title='bbox 909 1506 1024 1565; x_wconf 91' lang='lat' dir='ltr'><strong>Hanno</strong></span> <span class='ocrx_word' id='word_1_84' title='bbox 1046 1526 1072 1566; x_wconf 91' lang='lat' dir='ltr'><strong>v.</strong></span> <span class='ocrx_word' id='word_1_85' title='bbox 1098 1509 1136 1565; x_wconf 85' lang='lat'><strong>62</strong></span> <span class='ocrx_word' id='word_1_86' title='bbox 1160 1509 1275 1582; x_wconf 89' lang='lat' dir='ltr'><strong>puellas</strong></span> <span class='ocrx_word' id='word_1_87' title='bbox 1297 1507 1328 1564; x_wconf 94' lang='lat' dir='ltr'><strong>in</strong></span> 
     </span>
     <span class='ocr_line' id='line_1_12' title="bbox 226 1613 1327 1690; baseline 0.001 -19"><span class='ocrx_word' id='word_1_88' title='bbox 226 1615 273 1671; x_wconf 90' lang='lat' dir='ltr'><strong>ius</strong></span> <span class='ocrx_word' id='word_1_89' title='bbox 295 1623 401 1673; x_wconf 83' lang='lat' dir='ltr'><strong>vocat:</strong></span> <span class='ocrx_word' id='word_1_90' title='bbox 425 1615 487 1672; x_wconf 92' lang='lat' dir='ltr'><strong>iam</strong></span> <span class='ocrx_word' id='word_1_91' title='bbox 506 1614 635 1671; x_wconf 92' lang='lat' dir='ltr'><strong>audiunt</strong></span> <span class='ocrx_word' id='word_1_92' title='bbox 658 1621 688 1671; x_wconf 91' lang='lat' dir='ltr'><strong>et</strong></span> <span class='ocrx_word' id='word_1_93' title='bbox 708 1616 908 1690; x_wconf 86' lang='lat' dir='ltr'><strong>respondent,</strong></span> <span class='ocrx_word' id='word_1_94' title='bbox 932 1616 990 1672; x_wconf 91' lang='lat' dir='ltr'><strong>sed</strong></span> <span class='ocrx_word' id='word_1_95' title='bbox 1013 1631 1069 1671; x_wconf 92' lang='lat' dir='ltr'><strong>suo</strong></span> <span class='ocrx_word' id='word_1_96' title='bbox 1090 1615 1154 1671; x_wconf 90' lang='lat' dir='ltr'><strong>iure</strong></span> <span class='ocrx_word' id='word_1_97' title='bbox 1169 1613 1327 1687; x_wconf 90' lang='lat' dir='ltr'><strong>Hasperus</strong></span> 
     </span>
     <span class='ocr_line' id='line_1_13' title="bbox 225 1708 1326 1800; baseline 0.002 -21"><span class='ocrx_word' id='word_1_98' title='bbox 225 1723 281 1780; x_wconf 90' lang='lat' dir='ltr'><strong>hos</strong></span> <span class='ocrx_word' id='word_1_99' title='bbox 305 1741 409 1781; x_wconf 90' lang='lat' dir='ltr'><strong>versus</strong></span> <span class='ocrx_word' id='word_1_100' title='bbox 433 1723 556 1780; x_wconf 90' lang='lat' dir='ltr'><strong>delevit.</strong></span> <span class='ocrx_word' id='word_1_101' title='bbox 611 1724 690 1782; x_wconf 85' lang='lat' dir='ltr'><strong>Nam</strong></span> <span class='ocrx_word' id='word_1_102' title='bbox 712 1742 729 1780; x_wconf 92' lang='lat' dir='ltr'><strong>e</strong></span> <span class='ocrx_word' id='word_1_103' title='bbox 751 1725 850 1782; x_wconf 87' lang='lat' dir='ltr'><strong>verbis</strong></span> <span class='ocrx_word' id='word_1_104' title='bbox 873 1724 1082 1800; x_wconf 90' lang='lat' dir='ltr'><strong>Agorastoclis</strong></span> <span class='ocrx_word' id='word_1_105' title='bbox 1103 1712 1191 1780; x_wconf 83' lang='lat' dir='ltr'><strong>‘dice</strong></span> <span class='ocrx_word' id='word_1_106' title='bbox 1215 1731 1247 1780; x_wconf 93' lang='lat' dir='ltr'><strong>tu</strong></span> <span class='ocrx_word' id='word_1_107' title='bbox 1270 1708 1326 1781; x_wconf 82' lang='lat' dir='ltr'><strong>ilti&#39;</strong></span> 
     </span>
     <span class='ocr_line' id='line_1_14' title="bbox 226 1819 1328 1908; baseline 0 -18"><span class='ocrx_word' id='word_1_108' title='bbox 226 1833 288 1890; x_wconf 86' lang='lat' dir='ltr'><strong>sive</strong></span> <span class='ocrx_word' id='word_1_109' title='bbox 308 1819 374 1890; x_wconf 81' lang='lat' dir='ltr'><strong>‘tu&#39;</strong></span> <span class='ocrx_word' id='word_1_110' title='bbox 396 1834 438 1890; x_wconf 95' lang='lat' dir='ltr'><strong>ad</strong></span> <span class='ocrx_word' id='word_1_111' title='bbox 460 1833 646 1891; x_wconf 85' lang='lat' dir='ltr'><strong>Hannonem</strong></span> <span class='ocrx_word' id='word_1_112' title='bbox 673 1835 745 1902; x_wconf 92' lang='lat' dir='ltr'><strong>sive,</strong></span> <span class='ocrx_word' id='word_1_113' title='bbox 780 1835 864 1907; x_wconf 88' lang='lat' dir='ltr'><strong>quod</strong></span> <span class='ocrx_word' id='word_1_114' title='bbox 894 1834 993 1891; x_wconf 91' lang='lat' dir='ltr'><strong>minus</strong></span> <span class='ocrx_word' id='word_1_115' title='bbox 1021 1834 1133 1908; x_wconf 88' lang='lat' dir='ltr'><strong>placet,</strong></span> <span class='ocrx_word' id='word_1_116' title='bbox 1167 1834 1209 1890; x_wconf 92' lang='lat' dir='ltr'><strong>ad</strong></span> <span class='ocrx_word' id='word_1_117' title='bbox 1235 1833 1328 1890; x_wconf 87' lang='lat' dir='ltr'><strong>Adel·</strong></span> 
     </span>
     <span class='ocr_line' id='line_1_15' title="bbox 225 1943 1327 2018; baseline 0.002 -19"><span class='ocrx_word' id='word_1_118' title='bbox 225 1943 365 2018; x_wconf 89' lang='lat' dir='ltr'><strong>phasium</strong></span> <span class='ocrx_word' id='word_1_119' title='bbox 387 1943 544 2000; x_wconf 86' lang='lat' dir='ltr'><strong>referimus</strong></span> <span class='ocrx_word' id='word_1_120' title='bbox 562 1951 645 2000; x_wconf 88' lang='lat' dir='ltr'><strong>certe</strong></span> <span class='ocrx_word' id='word_1_121' title='bbox 662 1943 791 2001; x_wconf 86' lang='lat' dir='ltr'><strong>efficitur</strong></span> <span class='ocrx_word' id='word_1_122' title='bbox 813 1944 923 2000; x_wconf 89' lang='lat' dir='ltr'><strong>iterum</strong></span> <span class='ocrx_word' id='word_1_123' title='bbox 938 1943 977 1998; x_wconf 92' lang='lat' dir='ltr'><strong>ab</strong></span> <span class='ocrx_word' id='word_1_124' title='bbox 993 1943 1197 2018; x_wconf 89' lang='lat' dir='ltr'><strong>Agorastocle</strong></span> <span class='ocrx_word' id='word_1_125' title='bbox 1212 1943 1327 2017; x_wconf 82' lang='lat' dir='ltr'><strong>puellas</strong></span> 
     </span>
     <span class='ocr_line' id='line_1_16' title="bbox 225 2049 1328 2126; baseline 0 -18"><span class='ocrx_word' id='word_1_126' title='bbox 225 2052 257 2109; x_wconf 92' lang='lat' dir='ltr'><strong>in</strong></span> <span class='ocrx_word' id='word_1_127' title='bbox 278 2053 325 2108; x_wconf 91' lang='lat' dir='ltr'><strong>ius</strong></span> <span class='ocrx_word' id='word_1_128' title='bbox 343 2053 455 2110; x_wconf 85' lang='lat' dir='ltr'><strong>vocari.</strong></span> <span class='ocrx_word' id='word_1_129' title='bbox 495 2051 660 2109; x_wconf 89' lang='lat' dir='ltr'><strong>Praeterea</strong></span> <span class='ocrx_word' id='word_1_130' title='bbox 683 2052 709 2109; x_wconf 92' lang='lat' dir='ltr'><strong>si</strong></span> <span class='ocrx_word' id='word_1_131' title='bbox 730 2050 776 2108; x_wconf 92' lang='lat' dir='ltr'><strong>his</strong></span> <span class='ocrx_word' id='word_1_132' title='bbox 793 2051 891 2108; x_wconf 89' lang='lat' dir='ltr'><strong>verbis</strong></span> <span class='ocrx_word' id='word_1_133' title='bbox 908 2050 1128 2126; x_wconf 85' lang='lat' dir='ltr'><strong>Agorastocles</strong></span> <span class='ocrx_word' id='word_1_134' title='bbox 1140 2049 1328 2109; x_wconf 86' lang='lat' dir='ltr'><strong>Hannonem</strong></span> 
     </span>
     <span class='ocr_line' id='line_1_17' title="bbox 218 2153 1326 2238; baseline 0.002 -22"><span class='ocrx_word' id='word_1_135' title='bbox 218 2157 261 2216; x_wconf 82' lang='lat' dir='ltr'><strong>&#39;ut</strong></span> <span class='ocrx_word' id='word_1_136' title='bbox 293 2160 483 2234; x_wconf 85' lang='lat' dir='ltr'><strong>respondeat</strong></span> <span class='ocrx_word' id='word_1_137' title='bbox 527 2153 588 2237; x_wconf 88' lang='lat' dir='ltr'><strong>(vel</strong></span> <span class='ocrx_word' id='word_1_138' title='bbox 627 2157 850 2234; x_wconf 88' lang='lat' dir='ltr'><strong>Adelphasium</strong></span> <span class='ocrx_word' id='word_1_139' title='bbox 885 2168 919 2217; x_wconf 92' lang='lat' dir='ltr'><strong>ut</strong></span> <span class='ocrx_word' id='word_1_140' title='bbox 954 2158 1142 2218; x_wconf 86' lang='lat' dir='ltr'><strong>Hannonem</strong></span> <span class='ocrx_word' id='word_1_141' title='bbox 1178 2153 1326 2238; x_wconf 88' lang='lat' dir='ltr'><strong>appellet)</strong></span> 
     </span>
     <span class='ocr_line' id='line_1_18' title="bbox 227 2268 1328 2346; baseline 0.002 -21"><span class='ocrx_word' id='word_1_142' title='bbox 227 2268 408 2327; x_wconf 86' lang='lat' dir='ltr'><strong>adhortatur</strong></span> <span class='ocrx_word' id='word_1_143' title='bbox 428 2287 531 2328; x_wconf 89' lang='lat' dir='ltr'><strong>rursus</strong></span> <span class='ocrx_word' id='word_1_144' title='bbox 556 2287 625 2336; x_wconf 88' lang='lat' dir='ltr'><strong>cum</strong></span> <span class='ocrx_word' id='word_1_145' title='bbox 658 2269 693 2326; x_wconf 91' lang='lat' dir='ltr'><strong>iis</strong></span> <span class='ocrx_word' id='word_1_146' title='bbox 716 2287 779 2325; x_wconf 90' lang='lat' dir='ltr'><strong>non</strong></span> <span class='ocrx_word' id='word_1_147' title='bbox 802 2268 949 2326; x_wconf 90' lang='lat' dir='ltr'><strong>cohaeret</strong></span> <span class='ocrx_word' id='word_1_148' title='bbox 971 2287 998 2327; x_wconf 86' lang='lat' dir='ltr'><strong>v.</strong></span> <span class='ocrx_word' id='word_1_149' title='bbox 1022 2287 1154 2346; x_wconf 87' lang='lat' dir='ltr'><strong>sequens</strong></span> <span class='ocrx_word' id='word_1_150' title='bbox 1177 2271 1218 2328; x_wconf 87' lang='lat' dir='ltr'><strong>ad</strong></span> <span class='ocrx_word' id='word_1_151' title='bbox 1245 2271 1328 2345; x_wconf 88' lang='lat' dir='ltr'><strong>Ago·</strong></span> 
     </span>
     <span class='ocr_line' id='line_1_19' title="bbox 227 2378 1329 2453; baseline 0.003 -18"><span class='ocrx_word' id='word_1_152' title='bbox 227 2381 388 2437; x_wconf 90' lang='lat' dir='ltr'><strong>rastoclem</strong></span> <span class='ocrx_word' id='word_1_153' title='bbox 411 2380 520 2439; x_wconf 75' lang='lat' dir='ltr'><strong>dictus,</strong></span> <span class='ocrx_word' id='word_1_154' title='bbox 571 2378 701 2436; x_wconf 85' lang='lat' dir='ltr'><strong>Accedit</strong></span> <span class='ocrx_word' id='word_1_155' title='bbox 724 2379 807 2453; x_wconf 92' lang='lat' dir='ltr'><strong>quod</strong></span> <span class='ocrx_word' id='word_1_156' title='bbox 834 2397 860 2439; x_wconf 89' lang='lat' dir='ltr'><strong>v.</strong></span> <span class='ocrx_word' id='word_1_157' title='bbox 886 2379 935 2438; x_wconf 86' lang='lat'><strong>65.</strong></span> <span class='ocrx_word' id='word_1_158' title='bbox 960 2381 998 2438; x_wconf 84' lang='lat'><strong>66</strong></span> <span class='ocrx_word' id='word_1_159' title='bbox 1027 2379 1058 2436; x_wconf 92' lang='lat' dir='ltr'><strong>iu</strong></span> <span class='ocrx_word' id='word_1_160' title='bbox 1086 2388 1192 2438; x_wconf 87' lang='lat' dir='ltr'><strong>nostra</strong></span> <span class='ocrx_word' id='word_1_161' title='bbox 1215 2398 1329 2438; x_wconf 89' lang='lat' dir='ltr'><strong>scaena</strong></span> 
     </span>
     <span class='ocr_line' id='line_1_20' title="bbox 227 2487 1326 2564; baseline 0.002 -18"><span class='ocrx_word' id='word_1_162' title='bbox 227 2489 447 2564; x_wconf 89' lang='lat' dir='ltr'><strong>languidissimi</strong></span> <span class='ocrx_word' id='word_1_163' title='bbox 470 2497 541 2547; x_wconf 90' lang='lat' dir='ltr'><strong>sunt</strong></span> <span class='ocrx_word' id='word_1_164' title='bbox 556 2489 629 2563; x_wconf 92' lang='lat' dir='ltr'><strong>quia</strong></span> <span class='ocrx_word' id='word_1_165' title='bbox 644 2487 878 2563; x_wconf 87' lang='lat' dir='ltr'><strong>Agorastoclem</strong></span> <span class='ocrx_word' id='word_1_166' title='bbox 894 2488 1077 2563; x_wconf 90' lang='lat' dir='ltr'><strong>quibusdam</strong></span> <span class='ocrx_word' id='word_1_167' title='bbox 1094 2489 1326 2548; x_wconf 88' lang='lat' dir='ltr'><strong>condicionibus</strong></span> 
     </span>
     <span class='ocr_line' id='line_1_21' title="bbox 227 2598 1328 2674; baseline 0 -19"><span class='ocrx_word' id='word_1_168' title='bbox 227 2599 266 2656; x_wconf 92' lang='lat' dir='ltr'><strong>de</strong></span> <span class='ocrx_word' id='word_1_169' title='bbox 289 2598 417 2655; x_wconf 91' lang='lat' dir='ltr'><strong>consilio</strong></span> <span class='ocrx_word' id='word_1_170' title='bbox 440 2615 497 2656; x_wconf 90' lang='lat' dir='ltr'><strong>suo</strong></span> <span class='ocrx_word' id='word_1_171' title='bbox 512 2598 693 2654; x_wconf 89' lang='lat' dir='ltr'><strong>destiturum</strong></span> <span class='ocrx_word' id='word_1_172' title='bbox 709 2598 898 2655; x_wconf 84' lang='lat' dir='ltr'><strong>ostendunt:</strong></span> <span class='ocrx_word' id='word_1_173' title='bbox 921 2598 1056 2672; x_wconf 90' lang='lat' dir='ltr'><strong>denique</strong></span> <span class='ocrx_word' id='word_1_174' title='bbox 1079 2615 1142 2655; x_wconf 90' lang='lat' dir='ltr'><strong>non</strong></span> <span class='ocrx_word' id='word_1_175' title='bbox 1162 2600 1328 2674; x_wconf 89' lang='lat' dir='ltr'><strong>neglegen-</strong></span> 
     </span>
    </p>
   </div>
   <div class='ocr_carea' id='block_1_5' title="bbox 227 2699 1327 3111">
    <p class='ocr_par' dir='ltr' id='par_1_6' title="bbox 227 2699 1327 2898">
     <span class='ocr_line' id='line_1_22' title="bbox 227 2699 1327 2786; baseline 0.003 -22"><span class='ocrx_word' id='word_1_176' title='bbox 227 2708 302 2764; x_wconf 91' lang='lat' dir='ltr'><strong>dum</strong></span> <span class='ocrx_word' id='word_1_177' title='bbox 322 2715 370 2764; x_wconf 92' lang='lat' dir='ltr'><strong>est</strong></span> <span class='ocrx_word' id='word_1_178' title='bbox 386 2725 413 2766; x_wconf 87' lang='lat' dir='ltr'><strong>v.</strong></span> <span class='ocrx_word' id='word_1_179' title='bbox 431 2711 467 2765; x_wconf 89' lang='grc'><strong>61</strong></span> <span class='ocrx_word' id='word_1_180' title='bbox 489 2699 563 2786; x_wconf 79' lang='lat' dir='ltr'><strong>‘nisi</strong></span> <span class='ocrx_word' id='word_1_181' title='bbox 585 2706 759 2764; x_wconf 88' lang='lat' dir='ltr'><strong>honestiust</strong></span> <span class='ocrx_word' id='word_1_182' title='bbox 779 2699 944 2782; x_wconf 79' lang='lat' dir='ltr'><strong>prehendi&#39;</strong></span> <span class='ocrx_word' id='word_1_183' title='bbox 965 2725 1028 2764; x_wconf 90' lang='lat' dir='ltr'><strong>non</strong></span> <span class='ocrx_word' id='word_1_184' title='bbox 1051 2708 1133 2763; x_wconf 88' lang='lat' dir='ltr'><strong>coire</strong></span> <span class='ocrx_word' id='word_1_185' title='bbox 1150 2725 1219 2765; x_wconf 92' lang='lat' dir='ltr'><strong>cum</strong></span> <span class='ocrx_word' id='word_1_186' title='bbox 1239 2726 1327 2767; x_wconf 91' lang='lat' dir='ltr'><strong>versu</strong></span> 
     </span>
     <span class='ocr_line' id='line_1_23' title="bbox 227 2800 1321 2898; baseline 0.001 -24"><span class='ocrx_word' id='word_1_187' title='bbox 227 2818 266 2874; x_wconf 83' lang='grc'><strong>56</strong></span> <span class='ocrx_word' id='word_1_188' title='bbox 289 2833 351 2891; x_wconf 93' lang='lat' dir='ltr'><strong>quo</strong></span> <span class='ocrx_word' id='word_1_189' title='bbox 373 2811 592 2890; x_wconf 80' lang='lat' dir='ltr'><strong>Agorastocles</strong></span> <span class='ocrx_word' id='word_1_190' title='bbox 616 2815 838 2898; x_wconf 82' lang='lat' dir='ltr'><strong>Adelphasium</strong></span> <span class='ocrx_word' id='word_1_191' title='bbox 863 2817 925 2874; x_wconf 92' lang='lat' dir='ltr'><strong>iam</strong></span> <span class='ocrx_word' id='word_1_192' title='bbox 947 2817 1204 2891; x_wconf 86' lang='lat' dir='ltr'><strong>apprehenderat.</strong></span> <span class='ocrx_word' id='word_1_193' title='bbox 1316 2800 1321 2808; x_wconf 54' lang='grc'><em>’</em></span> 
     </span>
    </p>

    <p class='ocr_par' dir='ltr' id='par_1_7' title="bbox 227 2895 1327 3111">
     <span class='ocr_line' id='line_1_24' title="bbox 325 2895 1325 3000; baseline 0.004 -19"><span class='ocrx_word' id='word_1_194' title='bbox 325 2925 466 2982; x_wconf 88' lang='lat' dir='ltr'><strong>Tandem</strong></span> <span class='ocrx_word' id='word_1_195' title='bbox 494 2895 528 2985; x_wconf 72' lang='lat' dir='ltr'><strong>¹v.</strong></span> <span class='ocrx_word' id='word_1_196' title='bbox 558 2927 597 2985; x_wconf 82' lang='lat'><strong>67</strong></span> <span class='ocrx_word' id='word_1_197' title='bbox 628 2923 756 3000; x_wconf 92' lang='lat' dir='ltr'><strong>(inquo</strong></span> <span class='ocrx_word' id='word_1_198' title='bbox 779 2925 952 3000; x_wconf 89' lang='lat' dir='ltr'><strong>Geppertus</strong></span> <span class='ocrx_word' id='word_1_199' title='bbox 981 2933 1155 3000; x_wconf 87' lang='lat' dir='ltr'><strong>corruptam</strong></span> <span class='ocrx_word' id='word_1_200' title='bbox 1182 2928 1325 2986; x_wconf 92' lang='lat' dir='ltr'><strong>codicum</strong></span> 
     </span>
     <span class='ocr_line' id='line_1_25' title="bbox 227 3023 1327 3111; baseline 0.002 -19"><span class='ocrx_word' id='word_1_201' title='bbox 227 3035 405 3093; x_wconf 90' lang='lat' dir='ltr'><strong>lectionem:</strong></span> <span class='ocrx_word' id='word_1_202' title='bbox 425 3023 485 3092; x_wconf 84' lang='lat' dir='ltr'><strong>‘tte</strong></span> <span class='ocrx_word' id='word_1_203' title='bbox 505 3023 595 3092; x_wconf 85' lang='lat' dir='ltr'><strong>siitis&#39;</strong></span> <span class='ocrx_word' id='word_1_204' title='bbox 620 3035 685 3092; x_wconf 89' lang='lat' dir='ltr'><strong>sine</strong></span> <span class='ocrx_word' id='word_1_205' title='bbox 701 3035 795 3093; x_wconf 92' lang='lat' dir='ltr'><strong>dubio</strong></span> <span class='ocrx_word' id='word_1_206' title='bbox 818 3043 903 3093; x_wconf 87' lang='lat' dir='ltr'><strong>recte</strong></span> <span class='ocrx_word' id='word_1_207' title='bbox 918 3036 1047 3093; x_wconf 91' lang='lat' dir='ltr'><strong>mutavit</strong></span> <span class='ocrx_word' id='word_1_208' title='bbox 1068 3037 1100 3093; x_wconf 93' lang='lat' dir='ltr'><strong>in</strong></span> <span class='ocrx_word' id='word_1_209' title='bbox 1118 3029 1179 3094; x_wconf 80' lang='lat' dir='ltr'><strong>‘ite</strong></span> <span class='ocrx_word' id='word_1_210' title='bbox 1199 3038 1230 3094; x_wconf 91' lang='lat' dir='ltr'><strong>in</strong></span> <span class='ocrx_word' id='word_1_211' title='bbox 1252 3023 1327 3111; x_wconf 85' lang='lat' dir='ltr'><strong>ius&#39;)</strong></span> 
     </span>
    </p>
   </div>
   <div class='ocr_carea' id='block_1_6' title="bbox 227 3137 1329 4318">
    <p class='ocr_par' dir='ltr' id='par_1_8' title="bbox 227 3137 1329 4094">
     <span class='ocr_line' id='line_1_26' title="bbox 227 3137 1327 3219; baseline 0.004 -19"><span class='ocrx_word' id='word_1_212' title='bbox 227 3145 269 3200; x_wconf 95' lang='lat' dir='ltr'><strong>ad</strong></span> <span class='ocrx_word' id='word_1_213' title='bbox 291 3153 396 3219; x_wconf 89' lang='lat' dir='ltr'><strong>aptum</strong></span> <span class='ocrx_word' id='word_1_214' title='bbox 420 3146 640 3202; x_wconf 90' lang='lat' dir='ltr'><strong>sententiarum</strong></span> <span class='ocrx_word' id='word_1_215' title='bbox 662 3137 803 3201; x_wconf 85' lang='lat' dir='ltr'><strong>ordine&#39;m</strong></span> <span class='ocrx_word' id='word_1_216' title='bbox 836 3153 867 3202; x_wconf 92' lang='lat' dir='ltr'><strong>et</strong></span> <span class='ocrx_word' id='word_1_217' title='bbox 889 3161 1033 3202; x_wconf 88' lang='lat' dir='ltr'><strong>scaenam</strong></span> <span class='ocrx_word' id='word_1_218' title='bbox 1061 3162 1132 3202; x_wconf 89' lang='lat' dir='ltr'><strong>vere</strong></span> <span class='ocrx_word' id='word_1_219' title='bbox 1155 3144 1327 3204; x_wconf 86' lang='lat' dir='ltr'><strong>Plautinam</strong></span> 
     </span>
     <span class='ocr_line' id='line_1_27' title="bbox 227 3251 1326 3330; baseline 0.003 -21"><span class='ocrx_word' id='word_1_220' title='bbox 227 3270 420 3312; x_wconf 85' lang='lat' dir='ltr'><strong>revocamur:</strong></span> <span class='ocrx_word' id='word_1_221' title='bbox 444 3251 519 3328; x_wconf 88' lang='lat' dir='ltr'><strong>quid</strong></span> <span class='ocrx_word' id='word_1_222' title='bbox 540 3253 631 3328; x_wconf 90' lang='lat' dir='ltr'><strong>igitur</strong></span> <span class='ocrx_word' id='word_1_223' title='bbox 653 3271 679 3309; x_wconf 91' lang='lat' dir='ltr'><strong>v.</strong></span> <span class='ocrx_word' id='word_1_224' title='bbox 703 3255 827 3313; x_wconf 80' lang='lat'>42—66</span> <span class='ocrx_word' id='word_1_225' title='bbox 852 3252 1021 3311; x_wconf 78' lang='lat' dir='ltr'><strong>faciamus?</strong></span> <span class='ocrx_word' id='word_1_226' title='bbox 1066 3253 1145 3311; x_wconf 88' lang='lat' dir='ltr'><strong>Satis</strong></span> <span class='ocrx_word' id='word_1_227' title='bbox 1166 3272 1326 3330; x_wconf 88' lang='lat' dir='ltr'><strong>argumen-</strong></span> 
     </span>
     <span class='ocr_line' id='line_1_28' title="bbox 228 3362 1329 3438; baseline 0.003 -18"><span class='ocrx_word' id='word_1_228' title='bbox 228 3372 329 3420; x_wconf 90' lang='lat' dir='ltr'><strong>torum</strong></span> <span class='ocrx_word' id='word_1_229' title='bbox 355 3362 517 3438; x_wconf 90' lang='lat' dir='ltr'><strong>protulisse</strong></span> <span class='ocrx_word' id='word_1_230' title='bbox 543 3363 633 3419; x_wconf 92' lang='lat' dir='ltr'><strong>nobis</strong></span> <span class='ocrx_word' id='word_1_231' title='bbox 662 3362 809 3431; x_wconf 89' lang='lat' dir='ltr'><strong>videmur,</strong></span> <span class='ocrx_word' id='word_1_232' title='bbox 843 3370 878 3419; x_wconf 91' lang='lat' dir='ltr'><strong>ut</strong></span> <span class='ocrx_word' id='word_1_233' title='bbox 904 3379 967 3420; x_wconf 90' lang='lat' dir='ltr'><strong>non</strong></span> <span class='ocrx_word' id='word_1_234' title='bbox 998 3362 1102 3419; x_wconf 90' lang='lat' dir='ltr'><strong>leviter</strong></span> <span class='ocrx_word' id='word_1_235' title='bbox 1131 3381 1269 3438; x_wconf 89' lang='lat' dir='ltr'><strong>agamus,</strong></span> <span class='ocrx_word' id='word_1_236' title='bbox 1303 3366 1329 3423; x_wconf 92' lang='lat' dir='ltr'><strong>si</strong></span> 
     </span>
     <span class='ocr_line' id='line_1_29' title="bbox 228 3472 1327 3538; baseline 0 -7"><span class='ocrx_word' id='word_1_237' title='bbox 228 3472 421 3538; x_wconf 86' lang='lat' dir='ltr'><strong>totamhanc</strong></span> <span class='ocrx_word' id='word_1_238' title='bbox 436 3479 554 3530; x_wconf 90' lang='lat' dir='ltr'><strong>vastam</strong></span> <span class='ocrx_word' id='word_1_239' title='bbox 570 3472 682 3529; x_wconf 91' lang='lat' dir='ltr'><strong>molem</strong></span> <span class='ocrx_word' id='word_1_240' title='bbox 696 3491 736 3529; x_wconf 85' lang='lat' dir='ltr'><strong>ex</strong></span> <span class='ocrx_word' id='word_1_241' title='bbox 757 3472 967 3530; x_wconf 89' lang='lat' dir='ltr'><strong>diversissimis</strong></span> <span class='ocrx_word' id='word_1_242' title='bbox 980 3472 1116 3530; x_wconf 92' lang='lat' dir='ltr'><strong>versibus</strong></span> <span class='ocrx_word' id='word_1_243' title='bbox 1132 3473 1327 3532; x_wconf 86' lang='lat' dir='ltr'><strong>commixtam</strong></span> 
     </span>
     <span class='ocr_line' id='line_1_30' title="bbox 227 3581 1328 3660; baseline 0.005 -22"><span class='ocrx_word' id='word_1_244' title='bbox 227 3600 290 3640; x_wconf 94' lang='lat' dir='ltr'><strong>uno</strong></span> <span class='ocrx_word' id='word_1_245' title='bbox 308 3590 380 3639; x_wconf 88' lang='lat' dir='ltr'><strong>actu</strong></span> <span class='ocrx_word' id='word_1_246' title='bbox 400 3583 555 3656; x_wconf 86' lang='lat' dir='ltr'><strong>exigimus.</strong></span> <span class='ocrx_word' id='word_1_247' title='bbox 591 3581 681 3640; x_wconf 91' lang='lat' dir='ltr'><strong>Certe</strong></span> <span class='ocrx_word' id='word_1_248' title='bbox 696 3583 749 3660; x_wconf 91' lang='lat' dir='ltr'><strong>qui</strong></span> <span class='ocrx_word' id='word_1_249' title='bbox 764 3582 948 3658; x_wconf 75' lang='lat' dir='ltr'><strong>obloquatur</strong></span> <span class='ocrx_word' id='word_1_250' title='bbox 963 3599 1071 3640; x_wconf 89' lang='lat' dir='ltr'><strong>sanum</strong></span> <span class='ocrx_word' id='word_1_251' title='bbox 1090 3600 1233 3642; x_wconf 90' lang='lat' dir='ltr'><strong>versuum</strong></span> <span class='ocrx_word' id='word_1_252' title='bbox 1248 3585 1328 3643; x_wconf 89' lang='lat' dir='ltr'><strong>inter</strong></span> 
     </span>
     <span class='ocr_line' id='line_1_31' title="bbox 229 3673 1325 3766; baseline 0.005 -18"><span class='ocrx_word' id='word_1_253' title='bbox 229 3710 263 3748; x_wconf 90' lang='lat' dir='ltr'><strong>se</strong></span> <span class='ocrx_word' id='word_1_254' title='bbox 296 3673 449 3750; x_wconf 85' lang='lat' dir='ltr'><strong>conexum</strong></span> <span class='ocrx_word' id='word_1_255' title='bbox 480 3693 550 3750; x_wconf 92' lang='lat' dir='ltr'><strong>volo</strong></span> <span class='ocrx_word' id='word_1_256' title='bbox 582 3693 736 3752; x_wconf 89' lang='lat' dir='ltr'><strong>ostendat.</strong></span> <span class='ocrx_word' id='word_1_257' title='bbox 788 3690 866 3750; x_wconf 90' lang='lat' dir='ltr'><strong>Cum</strong></span> <span class='ocrx_word' id='word_1_258' title='bbox 898 3711 925 3752; x_wconf 88' lang='lat' dir='ltr'><strong>v.</strong></span> <span class='ocrx_word' id='word_1_259' title='bbox 956 3693 1046 3766; x_wconf 89' lang='lat' dir='ltr'><strong>igitur</strong></span> <span class='ocrx_word' id='word_1_260' title='bbox 1074 3695 1112 3752; x_wconf 82' lang='lat'><strong>41</strong></span> <span class='ocrx_word' id='word_1_261' title='bbox 1143 3711 1263 3751; x_wconf 91' lang='lat' dir='ltr'><strong>versum</strong></span> <span class='ocrx_word' id='word_1_262' title='bbox 1286 3696 1325 3754; x_wconf 86' lang='grc'><strong>67</strong></span> 
     </span>
     <span class='ocr_line' id='line_1_32' title="bbox 229 3800 1326 3879; baseline 0.003 -21"><span class='ocrx_word' id='word_1_263' title='bbox 229 3800 479 3875; x_wconf 86' lang='lat' dir='ltr'><strong>coniungendum</strong></span> <span class='ocrx_word' id='word_1_264' title='bbox 511 3819 580 3859; x_wconf 89' lang='lat' dir='ltr'><strong>esse</strong></span> <span class='ocrx_word' id='word_1_265' title='bbox 611 3803 724 3871; x_wconf 90' lang='lat' dir='ltr'><strong>iudico,</strong></span> <span class='ocrx_word' id='word_1_266' title='bbox 759 3802 802 3859; x_wconf 89' lang='lat' dir='ltr'><strong>ita</strong></span> <span class='ocrx_word' id='word_1_267' title='bbox 837 3809 870 3858; x_wconf 92' lang='lat' dir='ltr'><strong>ut</strong></span> <span class='ocrx_word' id='word_1_268' title='bbox 901 3820 928 3861; x_wconf 92' lang='lat' dir='ltr'><strong>v.</strong></span> <span class='ocrx_word' id='word_1_269' title='bbox 961 3805 1000 3861; x_wconf 89' lang='grc'><strong>41</strong></span> <span class='ocrx_word' id='word_1_270' title='bbox 1034 3801 1148 3860; x_wconf 89' lang='lat' dir='ltr'><strong>Hanno</strong></span> <span class='ocrx_word' id='word_1_271' title='bbox 1185 3805 1326 3879; x_wconf 86' lang='lat' dir='ltr'><strong>accedat,</strong></span> 
     </span>
     <span class='ocr_line' id='line_1_33' title="bbox 228 3910 1327 3988; baseline 0 -20"><span class='ocrx_word' id='word_1_272' title='bbox 228 3911 345 3986; x_wconf 88' lang='lat' dir='ltr'><strong>puellae</strong></span> <span class='ocrx_word' id='word_1_273' title='bbox 368 3912 548 3981; x_wconf 85' lang='lat' dir='ltr'><strong>consistant,</strong></span> <span class='ocrx_word' id='word_1_274' title='bbox 577 3921 641 3970; x_wconf 93' lang='lat' dir='ltr'><strong>tum</strong></span> <span class='ocrx_word' id='word_1_275' title='bbox 664 3919 781 3968; x_wconf 86' lang='lat' dir='ltr'><strong>mutato</strong></span> <span class='ocrx_word' id='word_1_276' title='bbox 804 3919 902 3969; x_wconf 88' lang='lat' dir='ltr'><strong>metro</strong></span> <span class='ocrx_word' id='word_1_277' title='bbox 922 3910 1035 3988; x_wconf 87' lang='lat' dir='ltr'><strong>Hanno</strong></span> <span class='ocrx_word' id='word_1_278' title='bbox 1057 3911 1175 3986; x_wconf 87' lang='lat' dir='ltr'><strong>puellas</strong></span> <span class='ocrx_word' id='word_1_279' title='bbox 1197 3912 1249 3968; x_wconf 91' lang='lat' dir='ltr'><strong>ubi</strong></span> <span class='ocrx_word' id='word_1_280' title='bbox 1271 3912 1327 3968; x_wconf 93' lang='lat' dir='ltr'><strong>ad·</strong></span> 
     </span>
     <span class='ocr_line' id='line_1_34' title="bbox 228 4005 908 4094; baseline 0.006 -18"><span class='ocrx_word' id='word_1_281' title='bbox 228 4036 349 4094; x_wconf 87' lang='lat' dir='ltr'><strong>gressus</strong></span> <span class='ocrx_word' id='word_1_282' title='bbox 371 4029 419 4078; x_wconf 88' lang='lat' dir='ltr'><strong>est</strong></span> <span class='ocrx_word' id='word_1_283' title='bbox 437 4009 522 4078; x_wconf 83' lang='lat' dir='ltr'><strong>‘citis</strong></span> <span class='ocrx_word' id='word_1_284' title='bbox 543 4005 666 4079; x_wconf 80' lang='lat' dir='ltr'><strong>iambis&#39;</strong></span> <span class='ocrx_word' id='word_1_285' title='bbox 687 4022 718 4079; x_wconf 93' lang='lat' dir='ltr'><strong>in</strong></span> <span class='ocrx_word' id='word_1_286' title='bbox 740 4021 787 4078; x_wconf 90' lang='lat' dir='ltr'><strong>ius</strong></span> <span class='ocrx_word' id='word_1_287' title='bbox 811 4029 908 4080; x_wconf 90' lang='lat' dir='ltr'><strong>vocet.</strong></span> 
     </span>
    </p>

    <p class='ocr_par' dir='ltr' id='par_1_9' title="bbox 229 4129 1327 4318">
     <span class='ocr_line' id='line_1_35' title="bbox 327 4129 1325 4208; baseline 0 -22"><span class='ocrx_word' id='word_1_288' title='bbox 327 4129 362 4186; x_wconf 88' lang='lat' dir='ltr'><strong>ln</strong></span> <span class='ocrx_word' id='word_1_289' title='bbox 384 4131 504 4207; x_wconf 48' lang='lat' dir='ltr'><strong>reliquax</strong></span> <span class='ocrx_word' id='word_1_290' title='bbox 518 4147 632 4189; x_wconf 89' lang='lat' dir='ltr'><strong>scaena</strong></span> <span class='ocrx_word' id='word_1_291' title='bbox 654 4131 823 4208; x_wconf 87' lang='lat' dir='ltr'><strong>gaudemus</strong></span> <span class='ocrx_word' id='word_1_292' title='bbox 846 4132 931 4207; x_wconf 89' lang='lat' dir='ltr'><strong>quod</strong></span> <span class='ocrx_word' id='word_1_293' title='bbox 954 4129 1053 4189; x_wconf 88' lang='lat' dir='ltr'><strong>Plauti</strong></span> <span class='ocrx_word' id='word_1_294' title='bbox 1085 4129 1204 4189; x_wconf 81' lang='lat' dir='ltr'><strong>facetiis</strong></span> <span class='ocrx_word' id='word_1_295' title='bbox 1227 4129 1325 4188; x_wconf 88' lang='lat' dir='ltr'><strong>securi</strong></span> 
     </span>
     <span class='ocr_line' id='line_1_36' title="bbox 229 4239 1327 4318; baseline -0.002 -18"><span class='ocrx_word' id='word_1_296' title='bbox 229 4239 287 4300; x_wconf 85' lang='lat' dir='ltr'><strong>frui</strong></span> <span class='ocrx_word' id='word_1_297' title='bbox 309 4255 488 4318; x_wconf 89' lang='lat' dir='ltr'><strong>possumus;</strong></span> <span class='ocrx_word' id='word_1_298' title='bbox 524 4241 644 4300; x_wconf 91' lang='lat' dir='ltr'><strong>duobus</strong></span> <span class='ocrx_word' id='word_1_299' title='bbox 668 4248 787 4300; x_wconf 91' lang='lat' dir='ltr'><strong>tantum</strong></span> <span class='ocrx_word' id='word_1_300' title='bbox 817 4241 890 4300; x_wconf 87' lang='lat' dir='ltr'><strong>locis</strong></span> <span class='ocrx_word' id='word_1_301' title='bbox 918 4239 1116 4300; x_wconf 84' lang='lat' dir='ltr'><strong>offendimur:</strong></span> <span class='ocrx_word' id='word_1_302' title='bbox 1139 4257 1176 4299; x_wconf 91' lang='lat' dir='ltr'><strong>ac</strong></span> <span class='ocrx_word' id='word_1_303' title='bbox 1197 4239 1327 4317; x_wconf 88' lang='lat' dir='ltr'><strong>primum</strong></span> 
     </span>
    </p>
   </div>
   <div class='ocr_carea' id='block_1_7' title="bbox 0 0 1577 4896">
    <p class='ocr_par' dir='ltr' id='par_1_10' title="bbox 0 0 1577 4896">
     <span class='ocr_line' id='line_1_37' title="bbox 0 0 1577 4896; baseline 0 0"><span class='ocrx_word' id='word_1_304' title='bbox 0 0 1577 4896; x_wconf 95' lang='lat' dir='ltr'><strong> </strong></span> 
     </span>
    </p>
   </div>
  </div>
 </body>
</html>
