3138 4896
805 321 841 374 20

785 549 851 609 12.

371 717 408 778 In
430 716 526 778 altera
548 734 671 788 scaena,
704 718 735 776 in
763 735 825 794 qua
847 718 1015 794 genuinum
1037 717 1179 778 Plautum
1198 736 1255 778 nos
1277 719 1369 796 plane

273 829 434 887 restituere
456 846 549 905 posse
575 845 676 905 paene
699 828 910 905 desperamus,
930 828 1059 904 primum
1081 829 1123 887 ad
1149 846 1253 889 versus
1277 831 1317 890 36
1333 847 1368 906 sq

272 931 417 990 nonnulla
439 933 634 992 adnotemus.
679 929 780 988 Grave
801 932 883 989 enim
904 931 936 988 in
958 931 993 989 iis
1015 933 1164 990 mendum
1186 931 1368 1008 Spengelius
1427 919 1433 932 ’

277 1040 396 1098 detexit
417 1035 518 1116 (dere
540 1048 628 1098 metr.
651 1040 761 1098 cantic.
778 1039 875 1100 Plaut.
898 1057 968 1116 pag.
990 1035 1080 1117 215):
1103 1048 1268 1118 postquam
1290 1059 1319 1102 v.
1331 1043 1369 1102 35

271 1150 429 1209 muriatica
453 1150 547 1220 olere,
564 1150 650 1209 salsa
672 1167 742 1208 esse
765 1150 883 1209 dictum
906 1150 954 1221 sit,
984 1168 1053 1208 cum
1074 1149 1121 1209 his
1143 1151 1285 1209 mulieres
1307 1169 1369 1208 non

273 1260 443 1336 comparari
464 1277 557 1336 posse
579 1260 651 1336 quia
672 1260 806 1319 insulsae
829 1261 897 1322 sint.
931 1260 995 1320 Sed
1017 1277 1117 1337 neque
1139 1258 1284 1336 Spengeli
1305 1277 1369 1317 ver·

274 1387 362 1427 suum
385 1368 563 1427 emendatio
585 1369 657 1426 mihi
679 1370 789 1445 placet.
842 1368 921 1428 Nam
942 1378 1013 1447 post
1034 1386 1154 1428 versum
1177 1371 1214 1428 31

525 1472 654 1555 ‘cogita
677 1480 753 1538 item
783 1497 840 1538 nos
862 1476 1029 1556 perhiberi'
1053 1496 1109 1555 eqs

273 1589 443 1647 admodum
464 1589 590 1664 languet
611 1608 639 1646 v.
662 1591 718 1648 36:

414 1697 489 1755 item
512 1715 570 1755 nos
593 1715 707 1767 sumne,
730 1698 797 1756 eius
821 1698 944 1757 seminis
967 1699 1109 1758 mulieres
1133 1707 1213 1770 sunt,

271 1807 392 1866 etiamsi
428 1826 498 1866 cum
523 1807 692 1865 Ritschelio
727 1804 893 1883 (canticum
921 1806 1049 1866 Poenuli
1077 1806 1236 1867 Plautinae
1264 1825 1370 1865 emen·

273 1917 380 1975 datum
401 1936 473 1993 pag.
494 1914 551 1994 IV)
585 1917 712 1975 alterum
740 1917 933 1974 enuntiatum
960 1935 999 1974 ex
1021 1917 1143 1976 cantico
1173 1916 1370 1994 seiungimus.

275 2025 438 2083 Praeterea
459 2043 561 2102 neque
584 2026 684 2084 salsae
705 2043 807 2102 neque
824 2026 957 2084 insulsae
979 2034 1051 2084 sunt
1065 2027 1206 2086 mulieres
1222 2044 1260 2084 ex
1275 2028 1371 2086 Ante·

272 2133 381 2193 rastilis
409 2134 564 2209 opinione,
597 2137 654 2194 sed
688 2136 754 2194 sine
784 2136 947 2205 munditia,
980 2136 1023 2194 ita
1051 2144 1085 2194 ut
1112 2136 1186 2194 item
1221 2155 1259 2196 ac
1291 2137 1370 2196 salsa

271 2244 430 2301 muriatica
452 2261 505 2301 eas
538 2245 647 2302 iterum
672 2245 844 2322 iterumque
875 2246 981 2302 lauari
1001 2262 1129 2304 necesse
1159 2246 1211 2304 sit:
1255 2247 1287 2305 in
1312 2247 1371 2305 hoc

270 2353 362 2428 igitur
389 2353 481 2410 verbo
509 2355 698 2428 comparatio
728 2356 818 2414 inest.
862 2353 1005 2430 Denique
1028 2357 1120 2413 etiam
1144 2373 1170 2418 v.
1202 2357 1242 2416 38
1264 2356 1371 2413 melius

272 2480 342 2520 cum
359 2461 549 2520 Anterastilis
571 2463 670 2520 verbis
694 2463 898 2537 coniungitur,
924 2463 948 2520 si
970 2463 1072 2521 statim
1093 2472 1167 2541 post
1189 2481 1215 2523 v.
1238 2465 1277 2524 35
1299 2482 1369 2540 pro·

273 2572 437 2632 nuntiatur.
482 2571 548 2629 Has
570 2571 611 2630 ob
634 2588 744 2629 causas
766 2589 793 2629 v.
810 2572 849 2631 36
873 2588 909 2649 sq
930 2571 1083 2631 delendos
1107 2589 1178 2631 esse
1199 2589 1350 2650 propono.

372 2679 521 2740 Graviora
543 2681 574 2739 in
595 2699 623 2741 v.
634 2681 760 2740 51-83
781 2681 894 2741 insunt.
929 2679 1030 2756 Volgo
1048 2699 1076 2741 v.
1090 2683 1223 2743 51-62.
1249 2683 1369 2743 76-83

274 2789 324 2847 alii
348 2798 441 2864 atque
464 2799 584 2848 ceteros
607 2791 779 2848 recensioni
801 2790 855 2848 viri
876 2790 962 2848 docti
985 2789 1128 2860 tribuunt,
1152 2790 1191 2851 ci.
1212 2790 1371 2867 Hasperus

273 2899 292 2956 ll
314 2917 384 2976 pag.
402 2901 457 2971 ⁸28.
501 2899 679 2971 Muellerus,
710 2901 809 2961 addit.
842 2902 883 2960 ad
915 2917 998 2978 pros.
1031 2917 1102 2977 pag.
1125 2903 1176 2961 63.
1224 2899 1371 2959 Goetzius

271 3019 332 3070 act.
367 3009 449 3084 Lips.
472 3009 517 3066 Vl
537 3028 607 3087 pag.
631 3012 691 3072 265
724 3028 770 3087 sq,
822 3010 942 3069 Horum
966 3010 1096 3068 virorum
1130 3010 1304 3070 sententiae
1332 3028 1372 3068 ne

271 3118 423 3176 accedam
444 3119 477 3177 id
498 3120 691 3194 potissimum
713 3137 763 3178 me
784 3128 898 3192 movet,
922 3121 1009 3198 quod
1031 3119 1265 3194 Agorastoclem
1285 3127 1366 3196 post·

273 3244 366 3303 quam
388 3247 414 3287 v.
431 3230 471 3287 49
494 3227 696 3304 Milphionem
718 3239 822 3289 tacere
845 3230 942 3300 iussit,
966 3237 1000 3287 ut
1023 3229 1246 3307 Adelphasium
1267 3248 1372 3290 amare

271 3335 301 3396 h.
326 3355 353 3397 e.
380 3337 475 3395 tacite
498 3347 638 3413 spectare
660 3348 767 3415 posset
789 3334 870 3417 (sine
893 3357 1002 3410 amem,
1036 3358 1078 3397 ne
1100 3333 1246 3419 obturba)
1269 3339 1372 3398 statim

272 3444 398 3519 longum
418 3463 591 3504 sermonem
613 3465 681 3505 cum
701 3446 872 3523 Milphione
893 3453 1017 3505 nectere
1047 3465 1111 3505 non
1133 3448 1243 3511 decet:
1279 3448 1370 3508 immo

271 3563 487 3631 exspectamus
503 3556 556 3615 ubi
571 3556 699 3633 Milphio
716 3566 799 3616 tacet
822 3565 855 3616 ut
870 3557 1090 3634 Agorastocles
1106 3558 1216 3618 iterum
1230 3557 1371 3617 mulieres

272 3665 499 3742 contempletur
521 3675 554 3725 et
575 3668 766 3744 sapientibus
789 3686 896 3726 eorum
910 3668 1101 3728 sermonibus
1117 3669 1279 3738 auscultet,
1302 3685 1371 3726 cum

270 3774 455 3850 praesertim
475 3775 537 3833 iam
561 3793 588 3836 v.
610 3778 652 3836 44
667 3785 699 3834 et
712 3779 752 3837 45
777 3777 870 3836 verba
892 3777 985 3837 laude
1006 3777 1098 3854 plena
1123 3777 1274 3838 effuderit.
1307 3776 1370 3836 Sed

271 3883 302 3940 iu
322 3871 395 3958 ipsis
418 3885 463 3942 eis
486 3884 586 3943 verbis
610 3902 690 3961 quae
711 3885 773 3944 iarn
794 3885 1017 3963 Adelphasium
1038 3884 1172 3963 loquitur
1193 3904 1220 3948 v.
1242 3887 1366 3946 52-58

273 3992 403 4049 duarum
419 3992 633 4052 recensionum
649 3993 776 4069 vestigia
792 3993 932 4054 facillime
946 4002 1120 4065 comuntur,
1136 3994 1242 4053 confer
1252 4012 1369 4074 quaeso

272 4099 329 4159 hos
352 4118 470 4161 versus:

355 4228 382 4282 v.
404 4213 446 4272 54
467 4213 619 4288 prosedas
