3138 4896
723 333 755 387 sl

186 499 339 576 monstrat
359 499 475 572 bonam
498 494 672 588 Syncerasti
705 495 791 587 apud
810 511 955 569 lenonem
976 527 1046 570 esse
1068 487 1292 573 condicionem.

187 625 298 704 Neque
321 624 373 701 qui
396 631 545 683 secuntur
563 637 669 680 uersus
690 620 844 679 actionem
866 621 1028 680 adiuvant:
1051 621 1160 680 iterum
1180 601 1293 700 Synce-

186 742 288 794 rastus
319 733 464 793 familiam
496 749 584 790 suam
614 729 739 789 interire
762 730 846 806 cupit
868 741 907 788 ae
926 727 1088 805 Milphioni
1110 738 1143 788 ut
1165 746 1293 806 operam

189 861 277 904 suam
298 841 397 902 addat
423 842 544 918 roganti
565 849 642 899 noto
663 839 716 897 illo
740 839 808 896 lusu
824 835 882 914 (oi.
904 837 1015 914 Amph.
1029 836 1103 916 326)
1124 842 1293 917 respondet

189 956 221 1012 in
242 953 322 1012 hauc
337 967 484 1011 scaenam
499 949 624 1008 minime
646 951 830 1026 quadrante.
859 947 940 1007 Nam
961 947 1020 1007 hac
1041 949 1073 1007 in
1095 963 1208 1008 scaena
1229 969 1294 1009 non

191 1064 406 1139 Syncerastum
438 1061 542 1119 volare
563 1067 695 1136 oportet,
724 1060 782 1116 sed
804 1057 1023 1133 Agorastocles
1056 1068 1089 1118 et
1109 1058 1237 1137 Milphio
1260 1069 1295 1118 ut

190 1174 333 1230 lenonem
355 1170 488 1246 perdant
510 1169 696 1245 Syncerasto
731 1165 819 1242 quasi
841 1185 946 1243 penna
973 1168 1018 1225 uti
1039 1168 1157 1228 volunt:
1188 1170 1294 1245 inepta

188 1280 280 1356 igitur
303 1287 351 1338 est
371 1279 483 1354 imago.
514 1277 658 1336 Tandem
680 1283 845 1353 postquam
857 1274 986 1353 Milphio
1001 1277 1066 1354 pari
1081 1278 1294 1336 exsecratione

191 1409 229 1450 ac
249 1409 277 1451 v.
299 1392 338 1450 41
361 1405 433 1447 usus
455 1387 537 1446 hauc
559 1385 797 1446 collocutionem
818 1385 922 1455 finivit,
945 1387 1029 1444 unde
1045 1387 1175 1462 digressi
1200 1389 1293 1446 simus

191 1499 402 1561 admonemur.
447 1497 585 1556 Perbene
607 1513 679 1555 vero
701 1496 751 1555 hlc
773 1513 894 1555 versus:

233 1611 273 1670 52
316 1625 421 1667 verum
443 1601 557 1686 enim¹)
577 1607 629 1686 qui
651 1607 745 1664 homo
767 1623 844 1664 eum,
861 1604 942 1664 norit
966 1604 1027 1663 cito
1046 1605 1139 1664 homo
1161 1608 1294 1683 pervorti

1103 1724 1209 1792 potest

190 1847 260 1887 cum
284 1846 310 1889 v.
332 1830 372 1888 43
395 1845 434 1885 eo
456 1808 777 1902 modo'coniungituq
803 1831 837 1882 ut
860 1824 1076 1900 Syncerastum
1099 1826 1140 1883 de
1162 1827 1290 1885 oonsilio

190 1939 234 1996 eri
254 1937 452 2014 pervertendi
477 1935 573 1995 etiam
595 1919 767 1993 deliberare
791 1932 1013 2008 intellegamus.

704 2147 783 2208 va.

293 2291 354 2366 Qui
374 2290 405 2349 in
421 2289 578 2349 codicibus
599 2289 712 2349 nostris
727 2299 798 2350 sunt
820 2289 917 2350 ultimi
936 2290 1026 2370 huius
1042 2309 1175 2350 scaenae
1190 2310 1293 2352 versus

192 2401 259 2479 ipso
282 2419 320 2459 eo
347 2402 416 2460 loco
444 2410 516 2461 sunt
540 2397 688 2478 insigues.
749 2399 807 2460 Cui
835 2401 907 2478 quia
929 2410 1020 2478 aptos
1052 2420 1107 2460 eos
1134 2419 1197 2460 non
1223 2419 1295 2461 esse

192 2512 362 2590 apparebat
394 2521 467 2589 post
495 2531 521 2574 v.
551 2513 589 2572 31
621 2509 796 2589 Geppertus
823 2529 879 2570 eos
911 2491 1098 2588 transposuit
1123 2511 1296 2572 Acidalium

192 2615 299 2701 (divin.
321 2641 392 2699 pag.
415 2624 474 2683 395
499 2617 550 2698 sq)
572 2630 714 2681 secutus:
746 2621 853 2681 iniuria
875 2630 908 2680 ut
940 2621 1012 2680 mihi
1034 2621 1161 2682 videtur.
1216 2621 1296 2681 Nam

191 2731 321 2807 primum
343 2749 412 2790 cum
434 2749 451 2788 e
468 2749 557 2789 versu
573 2733 631 2791 16:

302 2840 354 2914 pol
376 2839 449 2896 satis
473 2838 537 2897 scio
558 2838 769 2915 impetrarunt,
793 2839 918 2916 quando
941 2839 991 2898 hic
1012 2839 1063 2899 hic
1083 2839 1183 2910 adest,

192 2964 251 3008 nec
272 2946 371 3005 minus
393 2966 412 3004 e
434 2965 460 3007 v.
484 2949 539 3007 30:
777 3013 780 3018 .
1018 2951 1021 2960 '

477 3055 534 3114 sed
556 3056 624 3132 quis
643 3055 710 3114 illas
733 3055 786 3115 tibi
807 3053 1009 3116 monstrabit?

192 3164 350 3241 Milphioni
377 3165 495 3241 puellas
522 3164 683 3224 Hannonis
720 3184 788 3224 esse
821 3167 896 3225 filias
915 3185 1109 3244 ¹persuasum
1139 3185 1209 3227 esse
1232 3169 1295 3225 elu-

193 3283 272 3345 ceat,
306 3274 369 3332 fieri
400 3293 464 3334 non
486 3283 589 3352 potest
610 3285 645 3359 ut
667 3294 693 3339 v.
711 3277 752 3336 50
768 3294 805 3352 sq
826 3277 936 3335 iterum
961 3277 1081 3336 dehac
1103 3294 1135 3335 re
1164 3277 1294 3339 dubitet.

193 3384 327 3442 Accedit
344 3383 430 3460 quod
451 3384 511 3443 iam
534 3403 561 3444 v.
585 3386 624 3445 28
647 3384 760 3444 Hanno
782 3385 985 3462 Milphionem
1006 3405 1118 3463 pueros
1141 3388 1295 3446 abducere

191 3493 288 3564 iussit,
322 3493 356 3552 id
382 3494 472 3570 ‘quod
496 3502 529 3552 ut
562 3493 656 3554 iaciat
684 3514 711 3556 v.
741 3497 781 3554 ot
813 3503 845 3552 et
877 3497 917 3556 55
953 3496 1072 3554 eisdem
1105 3497 1168 3554 fere
1198 3497 1295 3555 verbis

192 3602 415 3678 Agorastocles·
438 3603 548 3662 iterum
578 3605 717 3681 imperat.
772 3603 914 3682 Denique
936 3623 963 3667 v.
986 3607 1025 3694 5⁵.
1057 3593 1132 3664 ‘nos
1161 3604 1217 3664 has
1245 3604 1296 3662 hic

196 3762 393 3772 ·-——-—-—.

293 3855 318 3917 l)
338 3855 377 3905 sic
396 3853 456 3906 cod.
475 3869 525 3920 pro
542 3847 639 3904 ‘homo'
672 3853 785 3904 sortasse
805 3854 885 3906 scrib.
913 3849 1011 3908 ‘modo‘
1042 3871 1101 3905 cum
1120 3855 1234 3921 Quyeto.
1261 3850 1295 3904 ‘si

193 3943 272 4000 noris‘
292 3951 360 4000 male
379 3951 465 4017 Gepp.
495 3949 528 4001 de
547 3950 624 4000 initio
644 3949 749 3999 dubitat
768 3950 906 4014 Langenus
926 3951 1023 4017 (symb.
1043 3966 1102 4017 pag.
1125 3949 1199 4019 117);
1228 3967 1295 4016 quae

192 4044 274 4094 verba
299 4061 359 4096 cum
388 4062 475 4114 neque
504 4062 536 4096 ex
561 4047 660 4097 tradito
689 4061 776 4112 neque
795 4061 827 4096 ex
846 4053 937 4098 nostro
955 4062 1078 4098 versuum
1101 4048 1195 4097 ordine
1218 4045 1297 4097 aliter

193 4141 246 4192 nisi
263 4157 311 4208 per
332 4137 370 4192 're
389 4138 457 4194 vera’
482 4131 609 4210 explicari
625 4131 740 4212 possint,
767 4143 919 4195 Plautinum
937 4132 1005 4195 illud
1032 4144 1112 4196 ‘enim
1129 4139 1199 4196 vero'
1219 4145 1295 4196 resti·

192 4239 320 4290 tuendum
338 4245 413 4306 pulo.
