3138 4896
817 301 852 354 26

783 545 880 606 1111.

381 695 417 754 In
450 695 509 756 hec
541 713 656 756 scaena
688 695 810 756 difficile
837 703 888 755 est
918 696 1056 758 iudicatu
1090 699 1131 756 de
1158 697 1398 758 advocatorum
1497 723 1499 798 4

283 804 381 881 prima
403 805 553 866 oratione.
596 805 668 866 Non
694 807 806 881 placet,
838 806 924 882 quod
955 806 1002 864 his
1023 806 1126 883 primis
1161 807 1261 866 verbis
1301 808 1398 884 quasi

282 914 467 990 gravissimis
486 915 576 974 minis
597 915 832 992 Agorastoclem
853 916 1036 976 invehuntur
1067 908 1211 975 ‘divitem
1231 918 1400 977 audacter

281 1024 405 1084 solemus
436 1031 564 1084 mactare
597 1020 791 1100 infortunio’‚
826 1041 896 1084 cum
929 1025 962 1084 in
993 1025 1214 1102 posterioribus
1243 1027 1397 1086 versibus

283 1151 376 1210 quam
397 1134 553 1194 lenissime
575 1135 680 1220 dicarit
706 1127 822 1211 ‘pridie
844 1135 1015 1193 advocatos
1038 1141 1070 1192 te
1091 1152 1149 1192 nos
1171 1135 1233 1194 huc
1254 1137 1397 1196 duxisse

283 1240 431 1319 oportuit²
467 1242 508 1318 (v.
532 1239 586 1323 25)
612 1245 661 1302 vel
689 1231 746 1302 ‘ue
768 1261 827 1304 nos
849 1251 913 1302 tam
933 1243 1136 1320 contemptim
1157 1231 1326 1304 conteres'
1349 1244 1397 1323 (v.

284 1347 353 1432 34);
375 1354 470 1412 etiem
492 1355 544 1431 qui
563 1374 591 1414 v.
610 1356 649 1415 63
666 1355 866 1456 sqqaddidit,
890 1355 1025 1416 demisse
1040 1372 1096 1414 eos
1110 1352 1280 1416 irascentes
1295 1357 1394 1418 lacit:

382 1463 463 1521 bene
484 1465 552 1522 vale
573 1464 678 1538 igitur:
700 1472 731 1523 te
752 1466 922 1524 advocatos
944 1465 1067 1522 meliust
1086 1464 1192 1524 celeris
1212 1465 1345 1528 ducere.
1505 1445 1508 1524 i

282 1572 414 1648 Magnas
453 1573 649 1632 difficultates
688 1593 715 1633 v.
756 1575 794 1635 15
829 1574 975 1649 praebet:
1023 1573 1084 1632 hoc
1122 1581 1225 1632 tamen
1263 1583 1394 1633 certum

282 1690 332 1742 est
360 1682 443 1742 hunc
481 1691 513 1742 et
544 1699 664 1742 versum
700 1686 739 1744 18
771 1684 883 1766 eadem
916 1683 1055 1742 oratione
1092 1682 1274 1744 coniunctos
1315 1702 1393 1744 esse
1510 1690 1511 1742 l

282 1811 345 1852 nou
368 1809 470 1870 posse.
523 1777 638 1852 ‘Istuc’
670 1809 710 1852 ex
740 1811 780 1852 eo
813 1811 903 1852 versu
933 1792 1098 1852 Muellerus
1120 1811 1201 1870 pros.
1223 1811 1294 1870 pag.
1323 1798 1391 1858 362

284 1902 383 1972 eiecit,
417 1903 537 1961 iurent
564 1902 699 1963 videtur:
743 1919 815 1960 nem
849 1902 999 1960 obnoxius
1033 1919 1155 1978 semper
1181 1905 1266 1980 apud
1290 1903 1389 1966 Plau·

283 2021 349 2074 tum
379 2013 518 2072 absolute
549 2013 683 2089 ponitur,
720 2029 888 2089 numquam
920 2013 973 2082 ita,
1006 2019 1041 2072 ut
1071 2012 1221 2088 significet
1239 2001 1390 2074 ‘obstric-

284 2131 334 2182 tus
352 2123 395 2180 ad
418 2117 636 2198 aliquamrem’
658 2122 706 2180 vel
725 2110 795 2182 ‘sub
807 2122 908 2198 aliqua
920 2118 1121 2192 condicione',
1141 2121 1178 2184 cf.
1201 2122 1285 2182 Asin.
1311 2125 1389 2186 284.

283 2230 396 2290 Bacch.
422 2233 513 2293 1196.
534 2231 623 2308 Epid.
647 2234 717 2294 695.
740 2232 802 2294 Mil.
826 2234 897 2294 746.
920 2231 1060 2292 Poen.V
1081 2235 1111 2302 4,
1137 2234 1185 2294 18.
1208 2231 1303 2293 Stich.
1318 2235 1387 2296 497

282 2336 336 2419 (45
366 2340 398 2400 in
420 2341 579 2401 codicibus
609 2350 785 2418 corruptum
812 2358 851 2400 ex
881 2339 1018 2418 obnixe).
1072 2339 1157 2400 Trin.
1186 2343 1258 2402 369.
1287 2343 1385 2404 1088.

283 2453 374 2512 1063.
411 2451 503 2510 Truo.
529 2453 602 2513 885.
635 2451 768 2511 Versum
793 2452 932 2510 nondum
965 2459 1162 2527 persanatum
1188 2467 1259 2510 esse
1292 2459 1386 2528 puto,

282 2561 468 2620 sententiam
500 2569 604 2620 tamen
635 2561 709 2620 satis
742 2568 870 2637 apparet
892 2560 986 2620 talem
1011 2560 1115 2632 fuisse,
1147 2577 1228 2638 quae
1251 2577 1386 2636 respon·

283 2672 359 2730 deat
381 2670 479 2730 versui
503 2674 558 2733 18:
592 2679 646 2729 tuo
668 2671 764 2729 amori
782 2689 887 2730 servos
909 2670 1063 2732 addictos.
1116 2669 1151 2730 In
1178 2670 1384 2746 sequentibus

283 2781 419 2840 versibus
457 2789 505 2840 ter
545 2781 629 2840 idem
668 2781 831 2841 audimus:
874 2799 902 2841 v.
937 2783 975 2842 16
1025 2774 1201 2858 ‘argeutum
1240 2789 1383 2840 nostrum

284 2891 426 2950 dedimus
447 2908 502 2967 pro
526 2881 651 2967 capite’;
672 2907 859 2967 quamquam
880 2909 930 2950 me
953 2891 1032 2952 haec
1053 2891 1146 2950 verba
1166 2909 1231 2950 nou
1252 2889 1382 2970 omniuo

282 3000 459 3077 perspicere
490 2999 654 3070 confiteor3
693 2999 810 3076 optime
840 3000 914 3060 mihi
949 3001 1072 3076 placent
1100 2979 1269 3076 comparati
1309 3015 1381 3057 cum

283 3127 310 3168 v.
333 3110 414 3169 Rud.
441 3111 480 3170 97
504 3126 540 3185 sq

325 3219 415 3295 Scep.
437 3220 489 3295 qui
510 3219 650 3278 nominat
670 3217 742 3279 mei
769 3218 877 3279 Deem.
901 3219 953 3295 qui
975 3236 1031 3296 pro
1053 3226 1086 3277 te
1108 3225 1269 3293 argeutum
1280 3216 1379 3276 dedit.

326 3328 415 3405 Scep.
442 3328 531 3404 quasi
551 3346 601 3386 me
622 3336 706 3387 tuom
729 3345 800 3388 esse
822 3343 942 3386 servom
960 3328 1057 3402 dicas,
1080 3326 1268 3388 Daemones.

283 3447 348 3498 tum
370 3457 396 3500 v.
421 3440 460 3498 17
480 3427 609 3496 ‘liberos
631 3451 689 3496 nos
721 3455 791 3496 esse
814 3422 952 3513 oportet'
980 3445 1060 3496 etv.
1084 3439 1124 3498 18
1155 3429 1210 3496 ‘ne
1233 3443 1287 3494 tuo
1319 3452 1377 3494 nos

282 3549 378 3606 amori
411 3564 515 3606 servos
548 3563 619 3606 esse
656 3547 801 3606 addictos
834 3540 988 3609 censeas'.
1053 3545 1118 3608 Sed
1150 3553 1219 3606 utut
1257 3545 1298 3603 de
1330 3543 1377 3604 llis

281 3658 418 3716 versibus
436 3657 636 3716 iudicandum
658 3664 719 3715 est:
741 3675 812 3716 cum
834 3674 861 3714 v.
880 3657 917 3716 15
933 3653 1019 3713 iuxta
1039 3674 1066 3718 v.
1081 3658 1120 3718 18
1135 3665 1217 3716 stare
1232 3662 1377 3731 nequeat,

281 3767 332 3826 ille
354 3775 458 3825 eutem
481 3784 550 3826 cum
582 3766 841 3843 praecedentibus
873 3773 939 3824 arte
966 3764 1148 3826 coniunctus
1172 3765 1213 3824 sit
1244 3765 1377 3823 advoca·

281 3884 382 3936 torum
396 3869 466 3949 ἤθει
487 3874 603 3944 alienis,
625 3882 696 3951 post
718 3893 746 3933 v.
770 3877 808 3936 12
831 3889 952 3934 versum
975 3876 1014 3936 16
1037 3881 1176 3934 secutum
1198 3889 1269 3932 esse
1293 3872 1378 3932 coni·

282 3986 341 4056 cio,
374 3985 457 4043 unde
480 3981 557 4043 haec
588 3983 708 4043 exsistit
729 3985 895 4043 sententia:
930 4000 1117 4062 quamquam
1139 3982 1240 4059 plebei
1262 3992 1295 4043 et
1318 3980 1377 4057 (sio

281 4088 361 4174 libri)
384 4111 536 4171 pauperes
559 4093 613 4152 tibi
632 4095 782 4169 videmur;
806 4103 839 4152 at
855 4094 941 4152 liberi
957 4110 1077 4153 sumus.

381 4201 502 4263 Turbes
534 4202 650 4264 deinde
681 4203 714 4264 in
741 4220 768 4263 v.
804 4205 844 4268 38
883 4220 941 4282 sqq
972 4203 1074 4264 inesse
1105 4210 1191 4266 recte
1229 4202 1377 4264 Goetzius
