3138 4896
736 619 782 680 IV
805 623 821 680 1
843 627 876 678 et
897 620 926 680 2.

380 789 527 867 Magnam
550 791 590 848 de
613 789 661 849 his
676 790 799 850 scaenis
814 789 868 848 viri
884 789 969 849 docti
985 797 1147 850 moverunt
1162 788 1390 866 suspicionem:

280 897 395 974 primus
427 896 587 973 Hasperus
616 916 688 974 pag.
707 900 747 958 25
771 897 858 957 IV2
893 897 950 956 toti
984 898 1156 972 argumenti
1188 897 1393 974 dispositioni

281 1022 454 1083 repugnare
475 1005 632 1074 iudicavit,
668 1012 733 1064 tum
754 1005 953 1064 Franckenus
980 998 1037 1063 ‘de
1069 1005 1197 1065 Poenuli
1220 1005 1390 1066 Plautinae

282 1098 518 1191 compositione’
540 1107 665 1193 (mnem.
687 1132 757 1174 nov.
778 1132 835 1174 ser.
847 1113 892 1172 1v
907 1113 966 1174 146
989 1109 1061 1192 sqq)
1084 1123 1116 1174 et
1137 1113 1183 1174 IV
1208 1117 1225 1174 1
1249 1123 1282 1174 et
1301 1114 1346 1173 IV
1365 1118 1389 1176 2

282 1243 301 1282 a
322 1223 542 1302 posterioribus
556 1199 690 1282 scaenis
717 1223 858 1284 seiunxit.
901 1225 1013 1300 Itaque
1036 1232 1204 1300 antequam
1219 1226 1261 1284 ad
1284 1224 1391 1302 ipsam

281 1351 427 1392 scaenam
449 1333 695 1410 perlustrandam
713 1341 903 1392 transeamus
927 1332 1007 1415 hanc
1021 1333 1152 1410 primum
1167 1334 1389 1410 quaestionem

285 1452 434 1522 quantum
454 1460 618 1519 possumus
644 1444 863 1520 disceptemus.

381 1553 422 1610 Et
448 1552 608 1630 Hasperus
638 1561 669 1611 et
696 1553 894 1611 Franckenus
923 1547 1009 1630 (pag.
1042 1554 1101 1613 156
1125 1549 1174 1629 sq)
1197 1553 1270 1611 inde
1294 1571 1388 1629 argu·

281 1671 419 1720 mentum
440 1669 595 1738 repetunt,
618 1663 704 1736 quod
718 1660 845 1738 Milphio
868 1668 1035 1736 postquam
1056 1661 1273 1738 aSyncerasto
1296 1662 1386 1738 inge·

284 1791 361 1832 nuas
384 1789 454 1830 esse
476 1770 652 1829 meretrices
677 1771 828 1846 comperit
847 1762 979 1828 ‘nullam
1000 1770 1090 1829 huius
1119 1771 1163 1829 rei
1184 1771 1386 1847 gravissimae

285 1883 379 1941 faciat
399 1865 604 1939 mentionem’
626 1873 812 1958 (Hasperus)
831 1872 920 1938 ‘nihil
943 1898 981 1937 ex
996 1879 1043 1939 his
1060 1898 1130 1939 cum
1150 1881 1276 1939 domino
1299 1897 1386 1939 com·

284 1993 429 2064 municet‚
452 1990 502 2050 cui
525 1998 627 2048 tamen
642 1989 702 2047 hoc
722 1989 829 2047 nuntio
851 1987 925 2047 nihil
940 1990 1115 2066 exoptatius
1137 2008 1208 2048 esse
1223 1976 1385 2049 debuerit’

285 2095 519 2178 (Franckenus).
575 2100 685 2158 Mirum
712 2101 881 2158 admodum
911 2109 944 2158 et
970 2099 1018 2157 vix
1041 2099 1199 2170 credibile,
1219 2100 1245 2158 si
1269 2101 1383 2176 primos
1537 2131 1538 2144 r

287 2228 421 2269 scaenae
444 2210 566 2268 alterius
590 2210 746 2285 sequentis
773 2209 801 2266 V
825 2211 842 2268 2
866 2227 971 2268 versus
993 2205 1172 2285 perlegis¹):

371 2319 428 2393 Ag.
451 2319 501 2376 ain
524 2326 556 2374 tu
578 2317 633 2374 tibi
655 2317 727 2374 dixe
750 2315 976 2395 Syncerastum,
997 2315 1135 2392 Milphio,

453 2444 507 2487 eas
530 2444 599 2484 esse
621 2428 771 2503 ingenuas
794 2425 900 2484 ambas
923 2426 1121 2503 surrupticias

453 2531 736 2611 Carthaginiensis?

287 2647 513 2705 concordantes
536 2663 606 2704 cum
621 2661 754 2703 scaenae
776 2641 822 2702 IV
835 2646 853 2702 2
868 2661 957 2702 versu
981 2645 1031 2711 66,
1054 2660 1116 2719 quo
1138 2642 1265 2720 Milphio
1280 2661 1313 2701 se
1329 2660 1384 2702 ero

286 2774 351 2815 rem
372 2755 575 2813 indicaturum
599 2769 668 2810 esse
692 2751 781 2812 dixit:

455 2863 512 2920 nisi
534 2879 587 2920 ero
610 2861 663 2919 uni
684 2857 788 2937 me02)
810 2860 965 2919 indicasso
988 2877 1052 2935 eqs.

388 2973 490 3048 Atque
514 2973 600 3048 quod
623 2969 820 3029 Franckenus
841 2989 911 3046 pag.
937 2972 996 3030 157
1019 2970 1121 3028 multis
1141 2971 1239 3028 verbis
1260 2971 1386 3047 exponit

288 3101 369 3160 quae
393 3083 591 3158 Syncerastus
613 3083 644 3139 in
667 3099 781 3140 scaena
802 3080 847 3138 IV
870 3083 888 3139 2
912 3082 1049 3138 elocutus
1073 3080 1164 3138 sitin
1187 3098 1301 3139 scaena
1323 3079 1384 3140 V2

285 3193 358 3253 nihil
388 3193 519 3262 efficere,
552 3192 624 3267 quia
644 3190 772 3267 Milphio
803 3208 907 3248 verum
929 3208 993 3248 nou
1016 3190 1175 3265 suspicans
1198 3190 1385 3248 Hannonem

286 3303 428 3363 simulare
451 3304 545 3361 ducat
568 3319 602 3361 se
624 3301 690 3360 filiis
712 3301 864 3378 privatum
898 3317 976 3380 esse,
1011 3298 1120 3358 nullius
1147 3316 1217 3358 esse
1238 3299 1386 3360 momenti

285 3423 371 3490 puto.
408 3413 487 3473 Nam
509 3412 630 3470 etiamsi
644 3410 772 3488 Milphio
795 3410 911 3488 puellas
937 3411 1005 3470 illas
1021 3409 1206 3486 Carthagine
1229 3417 1384 3486 surreptas

287 3541 355 3582 esse
378 3524 436 3582 scit
464 3532 557 3599 atque
578 3521 742 3579 Hannonis
771 3520 845 3578 filias
879 3521 992 3578 eodem
1023 3537 1097 3577 casu
1126 3520 1254 3595 periisse
1287 3519 1384 3588 audit,

286 3651 341 3692 cur
361 3650 425 3690 non
446 3641 560 3708 poetae
580 3631 731 3707 largimur,
756 3640 789 3688 ut
809 3631 851 3689 ad
872 3631 984 3688 iustam
1006 3628 1129 3689 fabulae
1152 3623 1385 3706 καταστροφὴν

289 3821 490 3862 r·—

390 3956 415 4024 1)
433 3956 526 4010 eodem
550 3965 703 4022 argumento
732 3964 822 4009 contra
849 3959 1032 4008 Franckenum
1058 3973 1125 4007 nunc
1150 3957 1231 4006 utitur
1260 3955 1386 4008 Goetzius

286 4056 342 4108 ind.
356 4054 440 4106 schol.
453 4069 514 4121 pag.
526 4054 552 4106 6.
572 4054 648 4104 Idem
667 4053 733 4104 duas
753 4053 803 4104 hos
819 4070 926 4105 scaenas
941 4060 1099 4104 anteactum
1117 4055 1145 4104 11
1163 4068 1265 4119 ponens
1285 4053 1386 4120 optime

286 4149 513 4204 contaminationis
531 4149 706 4218 suspicionem
729 4166 744 4199 a
763 4156 853 4200 nostra
871 4149 965 4201 fabula
983 4150 1087 4200 amovit.

386 4247 415 4318 2)
434 4247 494 4300 cod.
512 4247 565 4302 nisi
583 4263 629 4302 ero
647 4262 708 4304 uro
726 4247 781 4314 uni,
807 4253 906 4321 usurp.
924 4245 1019 4305 Muell.
1037 4261 1110 4319 pros.
1128 4261 1189 4318 pag.
1208 4244 1262 4300 406
1280 4245 1339 4301 adn.
1360 4243 1384 4303 1.
