3138 4896
788 357 805 410 8

244 537 333 595 timos
349 553 454 595 versus
474 533 604 612 primum
621 533 836 608 spectabimus,
867 533 946 590 Nam
962 551 1031 591 cum
1048 534 1193 609 prologus
1209 535 1345 592 versibus

245 647 378 714 32-35,
410 645 545 712 36-39,
575 645 699 702 40-43
735 641 853 716 singula
886 642 990 701 edicta
1021 642 1177 722 quaternis
1211 641 1346 700 versibus

245 756 385 813 enuntiet
407 785 447 796 ··-
469 771 531 830 qua
558 753 589 810 in
617 752 772 810 sententia
805 752 900 810 etiam
931 770 970 810 ea
996 770 1029 808 re
1056 752 1227 822 confirmor,
1262 755 1347 830 quod

244 865 358 922 nullam
380 864 470 922 aliam
494 880 619 920 causam
641 862 732 920 video
757 881 809 920 cur
830 835 969 919 versibus
990 865 1114 923 41-43
1137 865 1348 938 anteposuerit

245 993 272 1034 v.
295 977 336 1034 40
360 1005 397 1014 -
420 991 601 1048 persuasum
623 971 698 1030 mihi
727 979 776 1028 est
805 972 939 1029 eandem
961 972 1062 1047 legem
1085 972 1254 1030 edictorum
1274 990 1348 1030 enu-

244 1084 405 1143 merationi
427 1083 511 1141 haud
533 1083 671 1158 ineptam
693 1081 785 1139 etiam
807 1080 838 1138 in
863 1081 972 1138 ceteris
994 1080 1130 1156 partibus
1156 1081 1267 1151 valere,
1289 1082 1349 1142 etsi

244 1196 275 1253 in
296 1195 408 1252 nostris
441 1193 602 1251 codicibus
624 1201 673 1250 est
697 1192 873 1260 obscurata,
906 1191 949 1248 ita
970 1198 1004 1248 ut
1024 1192 1179 1266 quaternis
1210 1192 1347 1250 versibus

246 1305 286 1362 de
310 1302 433 1377 singuiis
456 1319 532 1377 quas
554 1301 729 1376 adloquitur
749 1300 888 1376 personis
911 1308 984 1374 agat
1005 1299 1160 1376 prologus,
1206 1301 1307 1376 Atque
1329 1321 1347 1358 e

244 1431 271 1472 v.
294 1413 418 1471 23-27
441 1428 532 1485 quam
554 1411 685 1469 maxime
708 1410 836 1484 languet
856 1428 883 1468 v.
908 1411 958 1477 27,
986 1410 1038 1486 qui
1063 1411 1149 1484 quod
1171 1409 1349 1469 facetiarum

244 1522 277 1579 in
298 1520 344 1578 his
367 1520 503 1576 versibus
534 1519 616 1576 inest
649 1520 854 1594 interpretans
885 1536 1010 1593 prorsus
1042 1519 1201 1594 rescindit;
1236 1521 1349 1596 optime

245 1647 316 1688 vero
341 1629 494 1687 sententia
516 1645 604 1686 versu
621 1629 660 1686 26
683 1627 881 1702 abrumpitur,
903 1627 940 1688 cf.
957 1646 984 1688 v.
1004 1629 1054 1687 35.
1077 1628 1209 1686 Restant
1223 1647 1249 1688 v.
1266 1631 1348 1688 17·-

245 1743 284 1799 22
300 1739 455 1814 inquibus
477 1745 576 1794 utrum
591 1744 664 1812 post
684 1754 710 1795 v.
722 1738 761 1795 18
778 1735 900 1794 duobus
913 1737 1050 1795 versibus
1062 1737 1183 1795 omissis
1195 1738 1348 1812 genuinus

249 1851 326 1908 ordo
348 1848 544 1924 perturbatus
565 1854 651 1904 esset
672 1863 713 1903 an
734 1863 837 1904 versus
861 1849 899 1905 21
917 1855 949 1904 et
963 1850 1002 1906 22
1025 1849 1104 1905 duos
1125 1849 1349 1907 antecedentes

247 1958 422 2036 explicandi
452 1973 546 2015 causa
568 1956 704 2026 adiuncti
733 1963 839 2013 essent
873 1973 942 2014 cum
974 1957 1156 2026 dubitarem,
1186 1957 1349 2018 haesitanti

248 2069 391 2127 subvenit
410 2067 631 2125 Buechelerus:
653 2073 758 2124 cetera
779 2067 883 2124 omnia
898 2066 1002 2126 edicta
1016 2067 1200 2142 gravissimis
1215 2076 1248 2126 et
1262 2085 1348 2127 seve-

245 2178 369 2239 rissimis
390 2176 488 2234 verbis
510 2193 581 2233 esse
595 2176 792 2250 pronuntiata
814 2171 863 2233 ‘ne
879 2171 998 2234 sedeat’
1016 2164 1092 2234 ‘neu
1105 2162 1259 2236 muttiant'
1277 2173 1348 2234 ‘neu

244 2271 433 2346 obambulet’
455 2279 525 2342 ‘neu
548 2279 650 2342 ducat’
678 2280 727 2342 ‘ne
749 2270 925 2342 obsideant'
951 2280 1047 2342 ‘dent'
1068 2281 1205 2344 ‘domum
1226 2271 1348 2344 abeaut'

249 2393 293 2455 ‘ut
314 2389 486 2472 procurent’
523 2381 686 2469 ‘spectent'
716 2385 919 2470 ctemperent',
952 2395 1012 2453 hoc
1043 2411 1105 2453 uno
1138 2396 1206 2453 ioco
1239 2395 1349 2454 leniter

241 2504 346 2564 ‘decet
358 2477 461 2563 ¹stent’
485 2504 657 2562 adhibitum
678 2521 749 2560 esse
764 2504 896 2561 docens:
920 2503 1077 2563 eiciendos
1099 2503 1190 2579 igitur
1204 2522 1274 2562 esse
1289 2505 1346 2563 hos

244 2633 359 2676 versus,
403 2614 473 2672 Hoc
498 2613 590 2688 igitur
610 2630 751 2671 versuum
778 2620 943 2689 systemate
965 2619 1061 2688 poeta
1083 2614 1123 2670 de
1146 2613 1181 2671 iis
1203 2613 1345 2691 loquitur,

243 2725 295 2800 qui
323 2724 418 2783 actori
445 2731 498 2780 aut
530 2723 562 2780 in
594 2724 661 2798 ipsa
690 2740 804 2781 scaena
836 2719 922 2800 (nam
950 2723 991 2780 de
1013 2741 1039 2783 v.
1065 2725 1115 2792 17,
1148 2722 1179 2780 in
1202 2725 1345 2799 quoiam

245 2834 401 2892 Acidaiius
423 2833 516 2891 divin.
532 2851 601 2909 pag.
616 2834 678 2892 370
701 2833 841 2891 codicum
856 2832 1019 2891 lectionem
1034 2833 1185 2902 defendit,
1209 2833 1348 2911 Gepper·

248 2952 295 3000 tus
318 2942 398 3000 male
427 2943 564 3012 mutavit,
598 2959 721 3018 prorsus
755 2942 828 3001 mihi
853 2943 1004 3019 persuasit
1027 2943 1240 3014 Beundorfius,
1273 2963 1344 3004 ann.

247 3071 348 3128 gymn.
371 3061 465 3111 austr.
478 3053 582 3110 XXVI
603 3071 674 3128 pag.
688 3055 728 3112 84
740 3050 811 3128 sqq)
833 3061 886 3110 aut
911 3061 1039 3129 propter
1062 3071 1207 3112 scaenam
1225 3053 1348 3112 officere

246 3163 376 3236 possint.
412 3161 501 3220 Haec
522 3169 687 3238 postquam
710 3163 869 3220 statuimus
894 3164 1086 3220 redeundum
1109 3170 1157 3220 est
1179 3164 1221 3220 ad
1243 3179 1348 3222 versus

248 3272 312 3329 illos
336 3245 412 3347 quos
435 3287 525 3344 supra
548 3270 715 3344 omisimus,
749 3271 863 3330 5-10.
907 3271 971 3328 Iam
992 3289 1055 3328 non
1087 3270 1195 3328 dubito
1224 3272 1296 3347 quin
1318 3272 1349 3330 hi

251 3399 374 3457 quoque
407 3397 510 3438 versus
541 3381 651 3438 edictis
686 3381 877 3456 imperatoris
910 3380 1023 3439 histrici
1057 3380 1248 3457 adiungendi
1278 3381 1348 3441 sint.

247 3492 349 3568 Atque
380 3492 441 3548 iam
471 3490 631 3568 Hasperus
665 3491 819 3566 duplicem
850 3491 881 3547 in
912 3489 947 3548 iis
982 3497 1102 3548 exstare
1136 3490 1348 3549 recensionem

249 3621 275 3661 v.
292 3603 321 3660 5.
339 3603 366 3662 6.
387 3604 415 3660 9.
437 3603 476 3661 10
498 3608 530 3666 et
555 3601 618 3660 7.8
641 3602 833 3658 contendens
855 3599 912 3657 hos
934 3617 1038 3657 versus
1060 3607 1184 3658 nostrae
1206 3617 1348 3658 versuum

248 3709 453 3768 distributioni
475 3709 669 3786 adaequavit.
707 3707 771 3767 Sed
791 3709 958 3786 genuinum
980 3726 1119 3766 versuum
1142 3709 1280 3767 ordinem
1294 3728 1349 3768 ne·

247 3837 308 3894 que
330 3818 487 3896 Hasperus
520 3819 689 3878 restituisse
721 3819 794 3876 mihi
827 3818 955 3876 videtur.
1000 3814 1109 3894 Neque
1142 3819 1223 3876 enim
1257 3820 1347 3878 video

247 3930 405 4003 quomodo
417 3928 472 3986 has
487 3928 655 3986 sententias
666 3928 733 4004 quis
746 3928 926 4004 coniungat:
940 3934 973 3984 et
984 3927 1035 4004 qui
1047 3928 1216 3986 esurientes
1225 3936 1256 3988 et
1264 3929 1316 4005 qui
1322 3925 1347 4006 1)

348 4155 372 4228 1)
397 4167 422 4210 et
449 4162 495 4226 qui
518 4161 662 4212 esurientes
685 4167 710 4210 et
730 4163 811 4212 saturi
835 4163 887 4218 BC.
916 4168 943 4216 et
966 4161 1110 4216 esurientes
1139 4167 1165 4212 et
1193 4164 1239 4232 qni
1266 4163 1347 4216 saturi

248 4258 332 4323 Gepp.
355 4265 454 4309 rectum
473 4258 525 4308 iam
543 4258 611 4308 vidit
630 4259 789 4310 Gronovius.
