3138 4896
783 333 801 386 9

244 513 336 570 saturi
366 510 503 568 venerint
528 509 612 566 bono
634 507 735 565 animo
764 508 794 564 in
817 507 964 564 subselliis
987 508 1131 577 sedeant,
1160 527 1228 564 nom
1250 508 1343 567 nimia

243 621 368 681 stultitia
388 629 445 689 est,
477 620 662 695 impransum
688 618 830 676 incedere
862 635 988 677 sessum.
1031 618 1136 678 Immo·
1158 637 1184 678 v.
1207 621 1225 679 9
1248 627 1278 678 et
1303 621 1343 678 10

243 733 307 790 sive
330 731 368 790 ab
398 738 502 790 actore
525 730 588 787 sive
611 749 629 787 a
651 730 769 787 lectore
797 730 933 804 quodam
966 729 1099 805 appositi
1132 728 1274 786 videntur
1301 730 1343 788 ad

243 861 269 902 v.
293 843 327 900 7:
352 841 405 917 qui
424 839 532 898 edistis
554 821 654 897 multo
674 837 788 896 fecistis
811 838 979 914 sapientius

354 967 425 1007 nam
448 950 519 1026 quoi
541 958 680 1026 paratum
702 955 749 1006 est
770 965 835 1024 eqs.

243 1038 538 1136 Comprehendimus
562 1059 593 1116 in
615 1059 662 1116 his
689 1058 825 1116 versibus
847 1058 930 1116 idem
952 1058 1176 1134 interpretandi
1198 1060 1342 1130 studium,

243 1171 328 1245 quod
342 1163 518 1242 Loewius1)
539 1168 571 1225 in
593 1185 682 1225 versu
701 1169 750 1234 14,
771 1185 830 1224 nos
851 1166 883 1224 in
905 1186 931 1228 v.
949 1169 989 1226 27
1012 1167 1194 1228 deteximus.
1218 1167 1342 1245 Optime

242 1295 314 1336 vero
337 1281 395 1337 ν.7
417 1285 449 1335 et
470 1280 489 1336 8
513 1278 666 1335 accedunt
689 1277 728 1334 ad
750 1296 776 1335 v.
791 1279 824 1336 6:
847 1276 931 1334 alteri
947 1276 1118 1352 laudantur,
1141 1279 1253 1336 alteros
1269 1297 1343 1337 con·

243 1388 358 1445 solatur
379 1387 558 1462 promittens
580 1363 699 1444 iassulas
721 1385 842 1462 pulcras
871 1385 1034 1445 molestam
1061 1387 1174 1445 famem
1197 1405 1265 1446 esse
1287 1389 1344 1445 de·

242 1498 381 1574 pulsuras
403 1493 457 1574 (ci.
480 1496 621 1554 Loewius
637 1489 683 1572 ll);
705 1496 811 1580 itaque
832 1497 951 1572 utrique
972 1496 1057 1554 bono
1081 1497 1183 1555 animo
1206 1496 1342 1554 fabulam

195 1680 197 1684 Ι
243 1614 391 1684 spectent.
437 1605 755 1683 Circumspicientibus
778 1622 839 1682 quo
862 1605 917 1663 hos
945 1623 1051 1664 versus
1073 1606 1242 1665 inseramus
1265 1606 1342 1682 opti·

242 1733 310 1775 mus
333 1717 452 1774 videtur
481 1733 549 1774 esse
571 1715 655 1774 loeus
677 1723 750 1791 post
771 1733 797 1774 v.
822 1717 870 1786 20,
900 1715 943 1772 ita
965 1723 998 1772 ut
1020 1723 1185 1792 postquam
1206 1716 1247 1773 de
1275 1716 1342 1790 ipsa

243 1843 356 1886 scaena
377 1827 497 1884 locutus
520 1833 569 1884 est
590 1826 747 1902 prologus,
779 1824 809 1882 hi
835 1825 877 1882 ad
902 1825 1041 1900 singulos
1068 1833 1257 1902 spectatores
1286 1825 1342 1883 ad·

242 1937 417 1995 monendos
440 1937 613 1996 traducant.
647 1935 717 1993 Hoc
739 1937 834 1994 modo
857 1952 921 1992 non
942 1935 1080 2012 ineptum
1102 1934 1207 2011 prioris
1223 1934 1342 2011 prologi

242 2046 336 2121 partis
359 2046 500 2103 ordinem
528 2044 721 2104 constituisse
742 2044 830 2103 nobis
851 2045 1003 2104 videmur:
1036 2052 1116 2102 certe
1146 2044 1275 2102 duarum
1296 2063 1343 2102 re·

243 2156 422 2214 censionum
445 2155 573 2229 vestigia
602 2155 749 2230 prologus
771 2172 845 2230 prae
874 2172 907 2212 se
930 2154 998 2224 fert,
1029 2172 1101 2212 nam
1124 2161 1176 2212 aut
1195 2154 1342 2231 prologus

243 2265 309 2340 ipse
324 2263 512 2322 audientiam
534 2263 591 2321 sibi
613 2264 685 2322 fecit
707 2259 748 2341 (v.
771 2259 933 2342 1-4.16)
956 2272 1010 2321 aut
1032 2281 1217 2340 praeconem
1232 2281 1342 2321 vocem

243 2392 387 2432 exercere
409 2373 493 2431 iubet
514 2370 554 2450 (v.
579 2376 711 2434 11-15.
734 2377 763 2434 4.
788 2371 849 2451 16).
895 2375 1047 2433 Secuntur
1079 2375 1182 2433 edicta
1214 2375 1344 2450 impera·

242 2485 329 2542 toris:
363 2503 389 2543 v.
414 2485 537 2544 17-20
566 2483 618 2560 qui
647 2483 679 2540 in
701 2483 768 2560 ipsa
802 2499 916 2541 scaena
949 2492 1107 2542 versentur
1136 2490 1190 2540 aut
1218 2475 1343 2539 munere

241 2594 384 2653 scaenico
408 2593 573 2670 fungantur
595 2592 792 2651 histrionibus
812 2609 851 2649 ne
874 2593 1035 2650 molestiae
1060 2592 1129 2662 sint,
1152 2609 1179 2651 v.
1198 2591 1278 2650 5-8
1302 2591 1344 2649 ad

243 2712 434 2778 spectatores
458 2719 567 2760 omnes
589 2720 623 2760 se
645 2701 804 2770 convertit,
828 2721 855 2760 v.
872 2703 995 2762 23—26
1020 2703 1061 2759 ad
1077 2717 1191 2776 servos,
1216 2718 1243 2761 v.
1261 2703 1343 2760 28-

243 2813 280 2872 31
305 2813 347 2869 ad
369 2810 513 2880 nutrices,
536 2828 563 2869 v.
588 2811 711 2868 32—35
736 2810 777 2867 ad
799 2816 965 2879 matronas,
994 2826 1021 2868 ν.
1044 2810 1168 2882 36-ς-39
1191 2809 1233 2867 ad
1254 2809 1343 2868 ludo·

243 2939 309 2978 rum
340 2927 506 2990 curatores,
539 2939 567 2979 v.
594 2921 719 2978 40—-43
753 2920 795 2978 ad
826 2920 1001 2995 pedisecos.
1045 2913 1210 2994 Aptissima
1241 2920 1344 2978 edicta

243 3031 426 3088 clauduntur
448 3049 474 3088 v.
496 3031 538 3090 44
562 3037 595 3086 et
616 3031 666 3101 45,
690 3029 847 3104 aptissime
870 3030 963 3088 etiam
986 3029 1046 3106 lroc
1066 3028 1136 3086 loco
1159 3030 1273 3087 dictum
1293 3037 1343 3086 est

243 3140 358 3198 bonum
378 3139 474 3196 hercle
496 3139 620 3198 iactum.
664 3138 790 3197 Fallitur
810 3139 900 3214 igitur
920 3138 1081 3214 Hasperus
1103 3139 1122 3196 ll
1144 3139 1175 3196 in
1197 3141 1341 3199 v.1-16

247 3257 279 3306 et
294 3251 417 3310 17-45
441 3249 595 3323 duplicem
609 3249 821 3307 recensionem
843 3247 1005 3325 indagans
1028 3249 1111 3324 quod
1132 3242 1172 3305 ‘et
1192 3248 1343 3306 simillimo

245 3359 305 3416 sint
327 3366 508 3433 argumento
530 3366 562 3416 et
585 3359 698 3417 eodem
719 3359 819 3435 gregis
842 3359 958 3416 domini
979 3365 1145 3434 praecepto
1166 3343 1258 3416 finiti'.

342 3469 530 3528 Accedimus
553 3469 613 3526 iam
641 3471 684 3528 ad
705 3489 732 3528 v.
756 3471 881 3528 46—58
908 3468 1017 3545 quibus
1040 3469 1082 3526 ad
1104 3467 1203 3545 ipsum
1224 3467 1344 3526 fabulae

244 3585 457 3652 argumentum
491 3579 631 3636 transitio
662 3579 705 3647 lit,
739 3597 758 3636 a
779 3578 879 3636 multis
912 3585 987 3636 ante
1017 3585 1176 3636 tractatos.
1226 3577 1343 3636 Primus

243 3685 399 3762 Liebigius
421 3683 506 3763 (pag.
530 3685 584 3764 36)
611 3689 687 3746 vidit
707 3689 844 3748 versibus
866 3691 991 3749 46-49
1013 3688 1045 3745 in
1071 3687 1128 3746 hac
1154 3688 1343 3764 expositione

243 3797 343 3854 locum
367 3813 432 3854 non
455 3815 533 3868 esse,
556 3799 629 3875 quia
651 3783 836 3874 ‘remigrare'
865 3800 990 3857 verbum
1010 3797 1081 3856 huic
1101 3799 1180 3875 parti
1201 3816 1281 3874 quae
1302 3801 1345 3857 ad

241 3916 454 3982 argumentum
476 3926 533 3967 nos
557 3909 694 3968 deducat
716 3918 902 3986 aptumnon
926 3909 973 3968 sit.
1005 3909 1069 3968 Sed
1090 3910 1176 3985 quod
1198 3907 1248 3965 ille
1269 3907 1343 3967 inde

243 4017 364 4092 collegit
387 4003 537 4094 ‘migrare'
561 4035 630 4077 esse
652 4019 884 4089 restituendum,
907 4020 987 4077 bene
1010 4036 1060 4076 me
1082 4017 1182 4076 iudice
1197 4016 1342 4076 refutavit

345 4243 370 4316 l)
389 4246 509 4299 analecta
526 4245 648 4300 Plautina
667 4245 738 4300 edita
756 4261 771 4300 a
790 4247 884 4314 Gaea,
903 4246 1013 4314 Lectae,
1032 4241 1141 4296 Schoell
1160 4257 1221 4311 pag.
1241 4241 1301 4297 206.
