3138 4896
742 325 774 412 19

267 534 355 612 potin
387 544 422 593 ut
451 535 546 593 semel
579 536 674 594 modo
707 535 804 596 Ballio
831 536 892 593 huc
925 554 996 595 cum
1027 528 1121 616 (tuo)
1156 535 1239 617 lucro

1022 648 1175 724 respicias.

205 753 277 814 Vno
299 757 369 814 ioco
392 753 519 813 Plautus
541 756 659 814 nudum
682 755 806 812 verbum
827 756 931 831 posuit
951 757 1060 832 Amph.
1085 759 1161 817 742:

147 925 156 944 ‚
253 865 374 946 iterum
396 864 456 922 iam
477 863 527 922 hic
548 864 580 921 in
602 878 651 940 me
681 864 881 940 inclementer
903 864 978 924 dicit
1001 874 1092 946 atque
1120 867 1154 924 id
1175 867 1241 925 sine

1087 978 1177 1038 maio

206 1083 285 1144 Nam
313 1084 422 1161 quibus
451 1091 614 1160 praeterea
646 1085 721 1143 iocis
749 1071 832 1144 ‘sine
860 1081 953 1144 malo'
984 1087 1040 1144 sim
1072 1086 1195 1162 posuit„
1218 1088 1305 1148 aliter

205 1202 276 1252 sunt
298 1194 521 1276 interpretandi
544 1203 639 1270 atque
661 1213 738 1270 quos
761 1194 856 1253 modo
878 1195 979 1255 attuli:
1012 1171 1016 1178 Ι

290 1301 372 1365 Rud.
398 1305 458 1363 780
474 1319 525 1379 sq:
547 1311 645 1361 utrum
666 1311 699 1360 tu
721 1303 793 1360 leno
816 1322 878 1360 cum
901 1304 977 1360 malo
1000 1301 1153 1363 lubentius

483 1403 487 1412 ’
549 1409 678 1486 quiescis
701 1428 741 1468 an
761 1411 802 1468 sic
820 1409 881 1468 sine
901 1411 977 1468 malo
998 1411 1023 1469 si
1046 1411 1135 1488 copia
1158 1407 1223 1469 est?

207 1539 275 1579 cum
297 1538 357 1597 quo
382 1521 488 1579 confer

349 1632 443 1691 1125:
473 1648 535 1688 non
556 1649 615 1708 ego
636 1640 667 1688 te
689 1633 888 1708 comprimere
910 1651 1037 1709 possum
1059 1633 1125 1691 sine
1146 1629 1249 1691 maio?
1294 1693 1297 1701 ,

248 1740 340 1800 Truc.
365 1741 440 1800 ⁷79:
468 1737 582 1818 nunc¹)
609 1723 687 1800 *volo
720 1743 797 1801 scire
831 1744 944 1801 eodem
975 1752 1090 1819 pacton
1122 1744 1188 1800 sine
1223 1742 1305 1801 malo

1055 1853 1220 1915 fateamini.

306 1961 342 2019 In
357 1970 469 2046 ¹nostro
491 1962 560 2020 loco
579 1970 742 2038 praeterea
762 1963 865 2039 piacet
880 1963 1053 2021 allitteratio
1069 1963 1200 2020 duorum
1215 1981 1306 2022 voca·

206 2073 346 2131 buiorum
366 2091 447 2150 quae
481 2072 541 2130 aiio
570 2073 639 2131 loco
670 2061 888 2148 nequefapud
914 2071 1055 2131 Plautum
1086 2091 1190 2150 neque
1222 2077 1306 2151 apud

208 2181 385 2240 Terentium
418 2183 581 2240 coniuncta
613 2183 815 2243 inveniuntur.
882 2181 1026 2258 Denique
1060 2184 1084 2240 si
1117 2184 1177 2242 hoc
1208 2186 1305 2242 modo

210 2290 288 2349 haec
313 2292 403 2349 verba
430 2291 661 2350 committuntur
688 2291 769 2350 clare
797 2293 933 2367 genuina
964 2292 1070 2351 damni
1102 2293 1185 2350 verbi
1219 2295 1305 2351 notio

209 2399 398 2475 perspicitur,
422 2418 502 2477 quae
527 2401 612 2477 apud
639 2399 781 2459 Plautum
802 2402 908 2477 paucis
931 2402 1078 2477 exemplis
1105 2419 1139 2460 se
1159 2403 1306 2478 praebet:

209 2507 253 2566 sic
276 2516 310 2566 ut
331 2526 433 2584 neque
454 2509 510 2567 des
533 2527 635 2586 neque
656 2511 787 2586 pendae,
813 2509 850 2567 cf.
875 2510 959 2571 Asin.
983 2511 1058 2570 182:

359 2635 461 2693 neque
484 2618 533 2675 ille
555 2620 612 2676 scit
634 2619 709 2696 quid
731 2620 785 2677 det
808 2619 882 2694 quid
905 2620 1009 2677 damni
1032 2619 1136 2686 faciat,

309 2727 399 2803 Epid.
423 2729 498 2787 319:
520 2735 680 2802 argentum
702 2727 840 2801 accipiam
856 2728 895 2785 ab
912 2729 1045 2785 damnoso
1067 2746 1151 2788 seue.

211 2835 388 2894 Retinenda
410 2836 501 2912 igitur
523 2837 605 2893 duco
628 2844 658 2892 et
681 2835 828 2893 damnum
848 2845 880 2893 et
896 2837 1092 2912 dispendium
1113 2845 1207 2914 atque
1228 2837 1308 2894 hanc

213 2948 379 3022 genuinam
402 2947 491 3005 huius
513 2964 617 3004 versus
641 2946 768 3004 formam
791 2945 899 3005 fuisse:

351 3056 401 3113 vin
424 3065 456 3114 tu
479 3051 602 3132 illanc2)
625 3055 719 3113 hodie
742 3056 809 3114 sine
831 3057 946 3113 damno
967 3063 998 3112 et
1021 3055 1184 3132 dispendio
1200 3025 1264 3133 equ.

309 3165 397 3224 Haec
419 3165 446 3224 si
467 3174 551 3223 recte
571 3166 728 3241 disputata
750 3174 830 3235 sunt,
853 3183 958 3222 versus
974 3173 1158 3240 praeeuntes
1183 3167 1305 3224 31—35

207 3268 336 3332 ‘incure‘
371 3274 410 3331 ab
443 3274 503 3332 hac
532 3291 644 3332 scaena
666 3275 795 3348 primum
826 3272 939 3331 afuisse
968 3274 1215 3331 concludendum
1245 3281 1307 3330 est:

212 3393 323 3460 postea
347 3402 419 3442 vero
442 3383 496 3442 illis
519 3384 655 3440 versibus
677 3384 830 3442 adiunctis
855 3401 975 3441 versum
999 3384 1036 3442 35
1060 3391 1211 3441 mutatum
1238 3400 1307 3440 esse

210 3493 242 3550 in
262 3479 355 3552 talem
377 3509 513 3551 versum:

358 3602 471 3662 iocare.
494 3603 544 3659 vin
566 3609 598 3660 tu
619 3599 700 3660 illam
721 3601 815 3659 hodie
837 3601 904 3659 sine
926 3601 1041 3660 damno
1063 3608 1124 3660 tuo.

313 3849 339 3918 l)
358 3851 403 3901 hic
421 3866 490 3901 nunc
508 3849 580 3904 libri.
598 3866 668 3901 nunc
687 3851 804 3903 Schoeli.
853 3857 931 3918 paeto
949 3849 1019 3904 libri
1038 3856 1135 3916 pacton
1156 3848 1310 3900 Studemuu·

213 3946 263 3996 dus
282 3953 309 3996 et
327 3947 491 4013 Spengeiius.

312 4048 339 4120 2)
359 4051 480 4102 similiter
497 4049 583 4100 istunc
602 4051 784 4116 reponendum
804 4057 844 4100 est
864 4049 948 4102 Poen.
965 4050 1007 4098 111
1025 4049 1051 4109 3,
1071 4047 1118 4100 38:

412 4156 489 4214 atque
506 4147 592 4196 istunc
610 4163 624 4197 e
642 4147 703 4196 navi
722 4154 858 4197 exeuntem
877 4147 915 4196 uti
933 4147 1110 4212 processimus

213 4245 246 4295 cs.
265 4244 354 4294 Ballus
374 4245 406 4294 de
423 4245 558 4310 particulis
577 4244 732 4311 copulativis
753 4245 823 4310 apud
838 4244 962 4293 Plautum
979 4258 1040 4310 pag.
1061 4243 1104 4294 43.
