3138 4896
773 349 808 403 lt

279 528 298 587 5
321 533 408 588 tanta
429 525 471 584 ibi
493 526 583 602 copia
605 533 801 586 venustatum
826 527 934 587 aderat

279 638 297 696 7
320 644 425 694 tantus
449 635 491 694 ibi
515 636 695 696 clientarum
717 644 783 695 erat
805 653 965 699 numerus:

239 747 345 821 itaque
367 746 461 804 etiarn
483 745 512 802 in
535 745 617 804 hunc
642 763 761 804 versum
783 747 843 805 tale
865 764 1037 823 pronomen
1059 747 1243 806 inseramus:
1289 763 1292 768 ¹

308 885 311 894 =
339 856 448 914 arabus
469 854 640 913 murrhinus
662 855 702 914 illi
724 857 828 914 omnia
849 858 928 915 odor
949 856 1138 932 complebat:
1162 857 1288 916 sordere

1046 966 1130 1025 haud
1151 961 1287 1040 visust1).

339 1095 365 1136 v.
389 1078 407 1136 8
430 1075 509 1134 sicut
539 1073 571 1133 in
595 1074 754 1135 codicibus
783 1075 912 1133 traditus
942 1083 991 1133 est
1013 1075 1206 1133 octonarium
1227 1074 1343 1150 explet,

240 1185 415 1262 Geppertus
448 1185 525 1244 falso
551 1179 620 1242 ‘ibi‘
651 1185 681 1242 ln
704 1204 731 1245 v.
754 1192 936 1262 sequentem
964 1185 1091 1246 traiecit.
1148 1183 1184 1242 In
1211 1201 1298 1242 versu
1322 1186 1341 1241 9

238 1295 430 1354 restituendo
452 1296 538 1354 multi
552 1311 679 1372 operam
700 1302 887 1371 posuerunt:
909 1294 1074 1353 Muellerus
1096 1311 1176 1371 pros.
1193 1311 1263 1370 pag.
1279 1293 1339 1352 106

239 1404 383 1468 venerant
407 1405 567 1480 proposuit
598 1423 773 1464 mensuram
804 1405 1036 1474 intolerabilem,
1066 1405 1104 1466 cl.
1127 1403 1341 1477 Sonnenburg.

237 1533 310 1591 pag.
327 1516 382 1584 17:
405 1513 585 1591 Spengelius
607 1515 625 1572 ll
647 1533 717 1590 pag.
738 1517 798 1575 ³94
820 1513 966 1573 venerant
987 1514 1151 1585 Venerem,
1175 1509 1236 1589 qua
1254 1529 1340 1570 men·

240 1643 310 1684 sura
347 1625 507 1682 verborum
545 1624 774 1682 similitudinem
815 1642 1000 1683 evanescere
1032 1625 1094 1681 iam
1127 1622 1339 1697 Sonnenburg.

239 1752 311 1811 pag.
334 1735 374 1794 20
397 1751 454 1791 suo
477 1734 542 1790 iure
563 1742 733 1793 monuerat.
778 1732 887 1810 Neque
908 1734 992 1808 quod
1021 1731 1070 1790 hic
1093 1733 1159 1808 ipse
1180 1731 1341 1808 proposuit

235 1839 380 1903 ‘venrant
401 1828 569 1902 Venerem'
591 1842 732 1919 accipere
754 1861 881 1920 possum
903 1842 1036 1901 eandem
1057 1841 1138 1900 illam
1158 1842 1198 1899 ob
1215 1859 1338 1900 causam

125 2005 130 2020 ,
240 1971 331 2030 quam
358 1954 426 2030 ipse
457 1952 589 2030 protulit,
623 1953 738 2011 deinde
770 1954 855 2029 quod
884 1952 970 2020 haec,
990 1953 1201 2028 pronuntiatio
1222 1950 1340 2009 Latinis

239 2063 387 2138 exemplis
409 2070 502 2120 caret.
538 2061 580 2119 At
601 2061 755 2120 lenissima
777 2060 954 2120 coniectura
975 2068 1007 2118 et
1033 2067 1139 2137 aptum
1161 2077 1285 2118 sensum
1307 2067 1337 2117 et

238 2178 369 2229 metrum
387 2170 469 2227 bene
490 2169 588 2228 fluens
610 2169 804 2227 restituemus
827 2169 1009 2228 scribentes:

389 2297 469 2355 quae
491 2276 692 2355 Calydoniam
715 2286 863 2339 venerant
886 2277 1050 2348 Venerem,

241 2389 326 2466 quod
348 2388 478 2446 Poenuli
500 2395 682 2447 retractator
702 2387 717 2444 Ι
740 2389 767 2458 2,
793 2389 832 2448 66
854 2387 989 2446 imitatus
1011 2396 1073 2449 est:

389 2497 470 2556 hanc
493 2497 637 2573 equidem
660 2497 813 2554 Venerem
832 2496 1011 2558 venerabor.

240 2607 306 2666 Nec
328 2608 441 2666 desunt
464 2607 579 2665 formae
599 2600 744 2665 ‘venero'
771 2607 910 2682 exempla
934 2607 972 2667 ci.
996 2604 1107 2666 Bacch.
1131 2608 1206 2667 173:

389 2719 580 2795 propinquos
602 2724 724 2775 nostros
747 2718 860 2776 accolis
883 2734 1059 2792 veneroque
1081 2724 1129 2786 te;

340 2825 432 2888 Truc.
455 2827 536 2886 476:
559 2812 594 2883 ut
615 2843 758 2883 venerem
782 2826 930 2885 Lucinam
950 2844 1060 2886 meam.

242 2934 330 2996 Conf.
372 2943 533 3010 praeterea
573 2920 733 2993 ‘veneror'
770 2937 891 3012 passive
914 2944 1111 3012 'usurpatum
1145 2935 1233 3011 Apul.
1266 2943 1339 2997 met.

240 3045 285 3104 XI
309 3048 326 3104 2
348 3041 390 3121 (p.
414 3047 472 3106 985
498 3045 560 3120 H):
583 3045 748 3122 praeclaris
775 3064 858 3104 nunc
881 3046 1033 3103 veneraris
1055 3045 1192 3104 delubris
1213 3043 1338 3120 Ephesi.

239 3155 329 3230 Apul.
353 3154 474 3230 Asclep.
503 3171 570 3230 cap.
592 3155 631 3214 25
667 3149 709 3230 (p.
736 3155 794 3213 309
818 3151 877 3230 Η);
912 3153 1048 3212 omnium
1080 3171 1160 3230 quae
1189 3153 1341 3224 venerari,

240 3263 367 3334 laudari,
390 3264 485 3322 amari
507 3263 633 3323 debent.
654 3248 849 3322 ‘veneratus'
870 3263 962 3339 Verg.
984 3264 1064 3322 Aen.
1087 3263 1129 3320 111
1152 3264 1226 3323 460:

389 3390 557 3454 cursusque
579 3373 665 3430 dabit
687 3381 834 3432 venerata
856 3374 1022 3434 secundos,

338 3483 414 3543 Hor.
438 3491 495 3545 sat.
517 3482 545 3539 II
568 3485 596 3558 2,
622 3484 699 3542 124:
720 3491 865 3542 venerata
886 3481 990 3544 Ceres.

240 3593 341 3652 Etiam
377 3591 589 3651 Franckenum
621 3591 711 3650 video
748 3585 873 3670 (mnem.
899 3592 944 3649 IV
971 3588 1044 3668 167)
1087 3591 1220 3666 dmlroc
1245 3591 1338 3649 verbo

241 3704 411 3780 cogitasse:
444 3701 655 3777 imperfectum
677 3700 728 3759 ille
745 3703 857 3778 posuit,
891 3702 1000 3760 sedin
1023 3710 1161 3778 tempore
1183 3700 1338 3777 praesenti

242 3831 307 3872 non
318 3813 504 3870 offensurum
514 3820 600 3887 pute,
625 3811 650 3868 si
662 3811 730 3887 quis
741 3812 784 3870 ad
802 3796 1015 3871 ‘clientarum’
1037 3829 1145 3872 vocem
1157 3809 1336 3888 respexerit:

341 4057 367 4128 l)
386 4060 446 4113 cod.
476 4059 610 4110 exhibent:
642 4060 746 4111 arabius
770 4061 953 4129 murriuusque
976 4062 1060 4113 omnis
1088 4063 1156 4113 odor
1187 4062 1338 4130 complebat

241 4157 313 4208 haud
340 4158 448 4208 sordere
467 4157 559 4209 visust.
597 4157 675 4210 Char.
697 4174 723 4224 p.
745 4158 846 4211 1231<
874 4166 984 4210 testatur
1000 4153 1124 4211 ‘arabus¹.
1174 4160 1268 4211 Cetera
1285 4161 1337 4212 iam

240 4261 343 4306 veteres
364 4255 480 4305 editores
502 4255 715 4308 emendaverunt.
