3138 4896
791 357 825 414 86

257 551 393 614 possum.
428 533 513 608 Quid
528 534 613 611 quod
627 533 695 610 ipsa
710 534 803 592 verba
819 531 1104 610 interpolationibus
1127 541 1198 592 sunt
1212 530 1359 592 foedata?

258 646 372 706 Confer
392 662 509 722 quaeso
531 643 588 702 hos
615 659 659 704 v.:

320 759 359 817 41
384 755 443 830 Ag.
465 754 517 831 qui
535 754 615 811 bene
639 752 703 810 volt
724 752 810 810 vobis
834 752 938 812 iacere

321 869 361 924 46
387 866 444 940 Ag.
465 865 559 922 multa
580 865 663 922 bona
686 862 748 921 volt
769 862 857 922 vobis
880 862 993 923 lacere.

320 976 360 1036 42
383 975 443 1052 Ag.
465 975 580 1034 amicus
603 974 689 1033 vobis

321 1087 361 1145 45
384 1086 441 1161 Ag.
466 1085 617 1161 siquidem
632 1083 795 1143 amicitiast
811 1083 957 1142 habenda
975 1100 1045 1142 cum
1060 1083 1119 1141 hoe
1133 1083 1315 1144 habendast.

260 1194 423 1252 Praeterea
447 1195 539 1253 etiam
560 1213 587 1255 v.
611 1195 649 1253 51
675 1201 707 1250 et
729 1195 769 1252 52

465 1313 500 1362 ut
520 1303 633 1380 pudice
656 1303 749 1360 verba
772 1303 845 1362 fecit

468 1423 502 1473 ut
523 1417 665 1473 modeste
690 1414 862 1472 orationem
884 1415 1024 1489 praebuit

258 1535 322 1584 tam
344 1525 428 1582 brevi
450 1525 608 1582 intervallo
629 1524 709 1581 inter
731 1542 763 1582 se
787 1524 934 1598 consequi
957 1525 1055 1582 minus
1077 1525 1186 1599 placet.

360 1635 423 1693 Sed
444 1634 674 1709 progrediamur
704 1634 745 1690 ad
778 1641 941 1707 sequentes
975 1607 1094 1693 versus:
1139 1634 1262 1710 quinam
1299 1634 1360 1691 hoc

259 1743 525 1820 interpretabimur
547 1739 585 1818 (v.
610 1738 679 1819 53):

468 1845 543 1910 ‘sed
568 1860 601 1909 ut
623 1860 692 1909 astu
715 1870 782 1909 sum
805 1851 970 1926 adgressus
993 1835 1034 1909 ad
1057 1847 1147 1910 eas’l

261 1974 343 2023 certe
373 1965 404 2022 in
436 1963 573 2021 versibus
608 1963 646 2019 47
682 1969 714 2018 et
737 1951 783 2018 48'
807 1951 914 2018 nescio
936 1978 997 2037 qua
1030 1970 1118 2036 parte
1151 1962 1266 2019 astutia
1298 1961 1358 2021 ulla

261 2081 410 2134 cernatur.
463 2073 527 2130 Sed
548 2072 614 2146 ipse
636 2070 750 2128 Hanno
774 2089 800 2130 v.
824 2079 988 2146 sequente:
1010 2063 1122 2146 ‘pergo
1147 2072 1240 2129 etiam
1261 2079 1358 2147 temp·

260 2169 354 2240 tare’?
374 2183 453 2240 clare
468 2181 558 2238 nobis
573 2181 710 2238 ostendit
723 2181 800 2238 alios
816 2181 951 2256 praeisse
967 2198 1070 2239 versus
1087 2181 1195 2256 quibus
1218 2181 1356 2238 mulieres

261 2292 321 2348 iam
342 2299 408 2348 erat
430 2291 596 2364 adgressus
620 2297 651 2346 et
682 2289 922 2363 perturbaverat,
949 2307 1026 2364 quos
1055 2290 1086 2348 in
1119 2297 1224 2348 nostra
1256 2289 1359 2374 sabula

262 2401 372 2458 frustra
395 2417 532 2476 quaeres.
571 2399 678 2474 Neque
700 2400 798 2474 magis
820 2417 847 2456 v.
871 2401 911 2457 54
933 2400 1024 2457 finem
1044 2389 1093 2456 ‘in
1115 2417 1216 2475 pauca
1238 2399 1358 2458 confer:

261 2509 366 2568 sitiunt
377 2507 428 2584 qui
451 2507 499 2565 hic
520 2491 647 2563 sedent'
670 2505 695 2563 si
716 2506 763 2563 tot
784 2514 928 2564 secuntur
938 2523 1042 2564 versus
1066 2506 1232 2564 toleramus
1253 2501 1358 2583 (quem

261 2635 382 2674 versum
401 2624 546 2678 nonante
559 2632 672 2672 anuum
695 2632 724 2672 u.
742 2616 803 2674 608
827 2614 1031 2689 compositum
1054 2632 1123 2672 esse
1144 2600 1277 2672 ‘sedere’
1293 2633 1359 2672 ver·

261 2730 333 2786 bum
356 2729 547 2785 demonstrat
569 2727 608 2784 de
624 2725 766 2783 omnibus
788 2726 1014 2801 spectatoribus
1038 2722 1176 2801 dictum).
1207 2726 1271 2786 Res
1292 2726 1360 2802 ipsa

262 2839 341 2895 redit
362 2856 389 2897 v.
410 2839 464 2896 78:
488 2837 562 2896 satis
584 2837 645 2893 iam
668 2844 738 2893 sunt
759 2845 945 2894 maceratae.
985 2834 1048 2894 Sed
1069 2845 1200 2912 peccata
1222 2838 1359 2894 nondum

264 2946 366 3003 omnia
389 2953 459 3002 sunt
475 2952 662 3006 enumerata.
699 2943 735 3000 In
758 2944 957 3020 sequentibus
972 2944 1108 3001 versibus
1131 2945 1260 3002 offendit
1276 2945 1360 3020 quod

263 3053 485 3128 Adelphasium
508 3070 693 3129 quamquam
713 3051 828 3111 Hanno
852 3060 883 3110 et
910 3052 1009 3129 ipsam
1031 3060 1061 3108 et
1095 3071 1230 3112 sororem
1255 3054 1287 3111 in
1313 3054 1360 3111 ius

264 3163 392 3232 vocavit,
416 3179 600 3238 quamquam
616 3163 834 3236 Agorastocles
857 3161 1013 3220 Hannone
1036 3171 1191 3219 annuente
1215 3180 1284 3221 eam
1307 3181 1360 3239 ap·

264 3271 436 3348 prehendit,
463 3271 535 3328 nihil
557 3272 641 3329 aliud
663 3271 737 3328 dicit
761 3272 835 3330 uisi:
856 3259 913 3330 ‘an
935 3280 1061 3347 patruos
1084 3280 1131 3329 est
1144 3272 1361 3348 Agorastocles

263 3391 334 3439 tuos
357 3366 441 3438 hic'i
945 3369 948 3376 ’

364 3489 505 3548 Similiter
537 3490 729 3564 exspectatio
761 3497 866 3547 nostra
898 3489 1008 3548 fallitur
1040 3509 1066 3550 v.
1091 3491 1147 3550 58:
1177 3491 1234 3566 Ag.
1262 3480 1362 3550 ‘nunc

263 3601 316 3676 pol
338 3617 397 3674 ego
420 3609 450 3658 te
473 3600 601 3657 ulciscar
622 3586 734 3675 probe’
756 3631 798 3640 —
821 3599 887 3676 quis
910 3617 972 3656 non
996 3600 1155 3660 subaudit:
1187 3601 1259 3676 quia
1281 3618 1361 3658 nuuc

265 3719 297 3768 te
318 3711 414 3785 probe
438 3706 659 3767 cruciabimus?
691 3717 722 3767 at
745 3711 953 3768 continuatur:
984 3698 1068 3768 ‘nam
1095 3711 1166 3768 faxo
1199 3711 1258 3768 eris
1291 3729 1361 3768 meo

265 3804 399 3897 sponsa.
438 3819 515 3877 Mira
538 3826 620 3876 certe
642 3818 726 3878 ultio.

364 3947 391 3988 v.
407 3929 445 3987 60
462 3946 569 3985 omues
592 3929 716 3986 codices
731 3927 924 4002 Agorastocli
948 3929 1033 3997 dant,
1056 3937 1149 4004 atque
1172 3927 1275 3987 favent
1290 3929 1360 3987 huic

264 4038 307 4095 rei
331 4037 439 4113 quibus
473 4037 573 4094 verbis
599 4037 817 4113 Agorastocles
849 4038 1033 4114 syllabarum
1066 4045 1219 4095 concentu
1251 4039 1360 4096 ludens

264 4147 374 4222 pergit:
398 4153 497 4222 postea
525 4146 607 4204 hanc
636 4148 746 4206 amabo
774 4156 867 4221 atque
890 4147 1087 4225 amplexabo:
1122 4147 1251 4221 primum
1272 4149 1362 4224 igitur

264 4255 451 4316 Hannonem
474 4258 620 4316 antestari
643 4265 705 4316 tum
727 4258 857 4316 amicam
876 4257 1041 4333 amplexari
1062 4258 1133 4318 volt.
1187 4257 1362 4330 Quamnam
