3138 4896
795 315 828 374 is

292 494 375 560 Asin.
399 498 476 558 412:
509 504 604 556 netu
634 495 830 554 herclecum
854 473 968 573 magno
990 483 1113 576 'malo1)
1141 481 1214 558 milri
1241 497 1364 560 obviam

1130 608 1300 671 occessisti.

338 720 401 778 470
423 732 488 791 squ
510 715 599 774 nimis
621 715 770 775 iracunde
792 734 855 774 non
877 716 971 775 decet
995 716 1158 794 superbum
1180 735 1250 776 esse
1264 717 1359 778 homi·

1084 844 1157 885 nem
1178 844 1300 887 servom

514 935 595 993 malo
616 934 719 992 hercle
742 930 844 1011 cum2)
869 952 982 1010 magno
1003 942 1068 1004 tuo,
1090 935 1122 993 ni
1141 935 1189 994 isti
1203 955 1263 996 nec
1278 945 1362 996 recte

1160 1037 1161 1040 '
1211 1045 1296 1107 dicis.

340 1155 398 1214 901
423 1167 473 1230 sq:
507 1151 622 1227 edepol
639 1159 729 1209 netu
744 1145 874 1230 hodiess)
897 1152 974 1211 istuc
989 1171 1060 1212 cnm
1073 1154 1155 1212 malo
1176 1171 1289 1228 magno
1305 1164 1359 1213 tuo

509 1260 612 1318 dixisti
633 1261 666 1317 in
687 1277 746 1321 me.

339 1375 399 1433 909
423 1389 474 1448 sq:
508 1378 540 1428 tu
563 1366 693 1443 istaec4)
716 1367 811 1428 hodie
833 1389 903 1429 cum
925 1380 978 1430 tuo
1001 1390 1115 1448 magno
1137 1349 1242 1432 mulo¹

509 1480 697 1540 invocavisti.
1237 1475 1239 1480 ’

304 1590 370 1650 Aul.
395 1591 474 1648 425:
507 1596 540 1647 et
561 1588 752 1648 herclecum
774 1608 889 1666 magno
911 1591 991 1650 malo
1015 1587 1110 1670 tuol),
1138 1592 1163 1649 si
1184 1591 1246 1649 hoc
1268 1603 1362 1671 capnt

1190 1703 1293 1762 sentit.

262 1809 372 1870 Bacch.
396 1809 473 1870 503:
506 1826 546 1866 ne
568 1808 620 1868 illa
642 1808 718 1867 illud
732 1808 827 1886 bodie
850 1828 919 1867 cum
941 1809 1023 1869 malo
1047 1810 1120 1869 fecit
1143 1783 1256 1890 3101)..Ι

287 1919 376 1996 Capt.
401 1920 476 1979 681:
509 1925 634 1976 etcum
657 1918 792 1976 cruciatu
815 1937 958 1977 maxrnno
980 1919 1013 1976 id
1032 1919 1178 1982 factumst
1198 1929 1261 1983 tuo.

283 2027 372 2090 Cure.
398 2031 472 2090 194:
507 2047 575 2086 cum
595 2029 731 2088 cruciatu
754 2044 867 2104 magno
890 2027 994 2087 dixisti
1015 2029 1048 2087 id
1070 2037 1134 2090 tuo,

292 2141 372 2200 Rud.
399 2140 474 2199 656:
511 2147 543 2196 at
563 2139 643 2197 malo
665 2157 735 2198 cum
756 2155 870 2215 magno
893 2157 950 2197 suo
972 2136 1072 2197 hercle
1096 2136 1212 2216 fecitl).
1242 2127 1248 2140 ’

261 2248 356 2307 Merc.
374 2249 413 2307 22
426 2265 476 2324 sq:
510 2265 569 2306 nec
590 2249 642 2324 pol
663 2248 803 2324 proiecto
826 2249 987 2325 quisquam
1010 2249 1076 2307 sine
1097 2250 1206 2326 grandi
1228 2249 1309 2309 malo

771 2403 778 2418 .
803 2405 809 2419 .
833 2354 981 2434 studuit⁸l
1004 2358 1188 2434 elegantiae,

283 2465 374 2528 Truc.
400 2467 474 2528 945:
508 2466 568 2524 iam
594 2466 694 2526 hercle
717 2461 820 2546 cum9)
842 2485 957 2542 magno
979 2467 1064 2525 malo
1087 2476 1119 2525 tu
1145 2467 1267 2541 vapula,

1079 2575 1122 2634 vir
1144 2583 1297 2636 strenuos.

311 2685 392 2744 Rud.
417 2688 477 2745 923
510 2685 625 2744 lucrum
648 2694 681 2742 et
701 2686 813 2743 malum
835 2684 880 2744 sic
901 2685 1075 2745 coniunxit:

510 2796 655 2871 namqui
677 2795 832 2854 dormiunt
858 2795 1007 2865 lubenter,
1035 2795 1100 2854 sine
1127 2797 1211 2855 lucro
1233 2803 1264 2852 et
1292 2811 1362 2852 cum
1411 2791 1414 2798 “

1024 2906 1105 2964 malo
1126 2906 1297 2981 quiescunt.

361 3013 473 3076 Pseud.
486 3017 546 3075 264
562 3015 623 3073 iam
637 3013 800 3072 Muellerus
816 3011 928 3090 (addit.
945 3015 986 3072 ad
999 3031 1081 3091 pros.
1092 3013 1271 3091 Plaut.=pag.
1286 3011 1359 3092 140)

262 3125 452 3182 assentiente
476 3123 626 3182 Lorenzio
649 3124 841 3184 emendavit:

362 3365 389 3436 1)
408 3366 594 3422 Fleckeisenns
613 3366 642 3416 in
661 3366 778 3418 editione
798 3365 917 3430 adiungit
934 3367 1013 3418 etiam
1030 3361 1105 3418 ‘tuo’.

361 3463 390 3532 2)
409 3463 469 3516 cod.
488 3465 548 3525 iam,
568 3464 622 3515 dei.
646 3463 736 3516 Fleck.
760 3463 828 3530 phil.
851 3464 880 3514 II
903 3461 945 3516 95.
968 3457 1044 3519 ‘cum'
1072 3464 1183 3517 Leman.
1207 3478 1279 3530 spec.
1303 3464 1360 3515 crit.

260 3576 320 3627 pag.
343 3561 384 3614 18.
403 3559 500 3613 Muell.
518 3560 585 3627 phil.
603 3561 648 3610 IX
668 3558 729 3612 ⁷41.

361 3654 389 3726 3)
406 3656 490 3707 hodie
509 3656 570 3710 add.
589 3655 736 3707 Muellerus
754 3671 827 3722 pros.
846 3672 907 3723 pag.
927 3656 988 3726 tte.

361 3753 390 3820 4)
408 3761 437 3804 tn
456 3754 539 3805 isisec
558 3753 659 3806 Cemer.
678 3753 730 3804 tuis
749 3753 817 3804 haec
835 3754 907 3806 libn'.

362 3847 389 3913 5)
408 3847 479 3898 malo
498 3854 545 3900 tuo
563 3863 658 3914 magno
678 3848 749 3901 libri.
769 3856 866 3916 transp.
885 3847 993 3902 Herius.
1013 3849 1105 3902 Herm.
1117 3849 1154 3900 de
1166 3857 1241 3902 metr.
1260 3864 1286 3916 p.
1302 3847 1360 3900 171.

364 3943 392 4014 6)
412 3961 461 3995 suo
479 3945 515 3998 A.
535 3961 584 3995 suo
602 3961 663 3995 meo
682 3947 762 3998 BCD.

361 4041 387 4104 7)
406 4041 469 4091 iecit
486 4040 577 4091 hercle
596 4041 668 4095 libri.
696 4049 796 4109 transp.
814 4043 944 4096 Weisins.

360 4137 389 4207 8)
409 4137 492 4188 studit
510 4135 542 4191 B.
563 4138 653 4189 studet
670 4137 775 4204 reliqui.
795 4155 860 4192 corr.
880 4138 1050 4191 Camerarius.

361 4233 390 4304 9)
408 4236 459 4286 iem
477 4235 548 4287 libri.
568 4251 635 4289 corr.
654 4235 774 4289 Bothins.
794 4234 866 4289 idern
885 4237 946 4287 edd.
965 4229 1063 4287 ‘malo’.
