3138 4896
803 316 839 367 24

270 495 492 556 sententiarum
515 493 656 553 ordinem
679 491 792 569 ineptis
816 492 935 551 facetiis
957 459 1174 569 perturbantes
1196 492 1271 550 iure
1297 491 1394 551 uncis

268 606 391 666 inclusit
417 605 576 681 Hesperus
611 635 647 646 -
683 605 725 662 ad
757 603 860 661 locum
893 617 986 678 quam
1022 601 1154 660 maxime
1188 601 1394 660 intricatum.

268 718 334 776 Iam
354 717 439 774 idem
462 713 622 789 Hesperus
656 731 683 774 v.
708 715 874 774 123-133
896 711 1007 770 Plauto
1039 711 1183 787 indignos
1205 711 1393 779 iudicavit;

272 825 420 884 Goetaius
442 806 542 884 acrius
562 821 702 880 incidens
723 828 822 880 totum
844 822 946 880 locum
973 839 992 878 a
1013 839 1041 881 v.
1069 821 1127 881 117
1161 836 1266 896 usque
1292 821 1341 878 ad
1363 837 1393 880 v.

271 936 330 994 197
353 933 489 1009 spurium
511 927 641 1005 duxit1).
673 930 749 989 Mihi
767 931 1023 1006 proficiscendum
1043 929 1165 990 videtur
1186 947 1205 987 a
1226 947 1258 990 v.
1276 931 1393 990 146-

274 1045 335 1103 170
357 1059 434 1118 quos
456 1041 633 1118 Geppertus
661 1040 751 1100 nimis
779 1040 927 1100 violenter
949 1040 1098 1099 tractavit.
1152 1038 1393 1117 Agorastocles

270 1157 436 1229 postquam
456 1152 524 1228 ipse
535 1150 758 1228 Adelphasium
773 1151 938 1226 adgressus
959 1150 1112 1225 repulsam
1127 1148 1194 1207 tulit
1213 1143 1257 1226 (v.
1274 1150 1392 1208 136-

273 1255 346 1336 138)
379 1258 441 1317 iam
461 1257 662 1334 Milphionem
694 1273 814 1316 servom
848 1264 881 1315 ut
915 1257 982 1316 eius
1003 1257 1132 1332 gratiam
1152 1273 1206 1315 ero
1228 1257 1390 1316 conciliet

271 1369 461 1428 adhortatur.
513 1367 623 1442 Itaque
656 1374 728 1442 post
757 1385 786 1425 v.
818 1368 878 1426 144
901 1361 1021 1436 ‘exora
1043 1366 1194 1436 blandire,
1225 1358 1389 1443 expalpa’

271 1495 335 1536 non
357 1476 592 1552 Agorastoclem
613 1477 672 1534 sed
693 1474 895 1550 Milphionem
917 1493 985 1534 cum
1008 1475 1111 1552 puella
1146 1475 1284 1552 colloqui
1317 1493 1391 1536 cer·

272 1596 335 1645 tum
366 1594 423 1644 est.
477 1585 593 1643 Versus
628 1586 719 1660 igitur
742 1586 905 1645 147-1111
942 1603 1011 1644 cnm
1039 1585 1075 1644 iis
1097 1585 1149 1662 qui
1183 1587 1390 1644 antecedunt

272 1696 417 1771 coniungi
442 1703 608 1772 nequeunt.
647 1694 728 1754 Tum
756 1695 895 1770 duplices
926 1703 1065 1753 servatae
1093 1704 1165 1755 sunt
1195 1695 1386 1773 Milphionis

271 1822 397 1882 preces:
424 1806 589 1865 152-154
610 1812 643 1863 et
659 1805 834 1866 1157·-167.
867 1805 1019 1864 Versuum
1040 1805 1072 1864 in
1086 1805 1245 1866 codicibus
1259 1805 1385 1866 nostris

273 1917 411 1976 ordinem
426 1917 582 1974 turbatum
596 1932 666 1974 esse
683 1915 860 1992 Geppertus
882 1915 1042 1975 intellexit.
1074 1915 1153 1975 Nam
1174 1935 1244 1976 cum
1255 1918 1385 1994 Agora·

274 2024 386 2084 stocles
399 2042 468 2082 eam
480 2031 598 2082 tantum
610 2023 650 2080 ob
663 2040 786 2082 causam
801 2020 1002 2098 Milphionem
1015 2023 1165 2099 vituperet
1175 2031 1208 2083 et
1221 2026 1382 2096 verberet,

274 2136 360 2210 qnod
380 2151 523 2209 perverse
546 2151 616 2192 cum
636 2132 826 2210 Adelphasio
848 2133 980 2192 oraverit
1002 2149 1090 2192 suam
1109 2149 1165 2210 pro
1181 2135 1224 2192 eri
1238 2151 1383 2212 persona

272 2245 415 2311 induens,
438 2260 464 2302 v.
478 2243 644 2303 152-154
667 2259 736 2300 curn
750 2260 779 2302 v.
799 2245 859 2304 168
882 2259 948 2319 sqq,
970 2242 1239 2321 sicutGeppertus
1261 2245 1378 2316 edidit,

273 2369 366 2429 quam
388 2352 526 2428 proxime
549 2361 620 2410 sunt
642 2352 860 2429 coniungendi.
913 2353 978 2410 Iam
999 2361 1103 2412 autem
1124 2371 1198 2412 num
1220 2354 1288 2430 quis
1311 2355 1379 2415 hoc

274 2464 382 2522 credat
404 2462 482 2520 haec
503 2461 593 2520 verba
608 2463 842 2537 Agorastoclem
858 2463 939 2522 adeo
954 2463 1072 2522 irritare
1087 2472 1121 2521 ut
1136 2479 1256 2522 servom
1270 2466 1376 2542 plagis

274 2581 397 2643 mactet,
440 2571 577 2632 osculum
612 2574 697 2647 quod
728 2571 856 2648 Milphio
890 2573 1081 2651 Adelphasio
1094 2541 1102 2564 ¹
1116 2573 1205 2632 dedit
1235 2570 1276 2650 (v.
1312 2577 1377 2636 162

274 2683 389 2742 codicis
427 2681 630 2750 Ambrosiani,
661 2698 762 2757 neque
796 2682 855 2740 alio
876 2683 973 2742 modo
1005 2701 1032 2743 v.
1057 2683 1116 2743 167
1150 2671 1229 2741 ‘sine
1261 2691 1293 2740 te
1315 2681 1380 2743 hoc

275 2776 436 2850 exorarier’
452 2792 538 2866 quod
552 2808 590 2848 ex
613 2791 733 2849 duabus
751 2791 982 2850 recensionibus
997 2791 1174 2870 Geppertus
1190 2800 1275 2850 recte
1298 2810 1376 2851 con·

274 2901 381 2969 stituit,
414 2900 605 2976 interpretari
635 2894 774 2978 possum)
807 2917 878 2959 eum
906 2919 970 2959 non
999 2898 1172 2978 respicere?
1208 2901 1377 2960 Praeterea

214 3008 218 3017 '
272 3028 346 3068 num
378 3010 445 3085 quis
484 3011 579 3084 finget
612 3009 813 3087 Milphionem
849 3010 978 3086 primum
1007 3011 1197 3088 Adelphasio
1237 3011 1375 3071 osculnm

273 3120 409 3189 dedisse,
437 3127 503 3178 tum
524 3119 624 3177 verbis
654 3138 723 3178 eam
746 3117 885 3178 adulari?
921 3120 1023 3180 Etiam
1049 3121 1102 3197 qui
1129 3129 1246 3180 restant
1267 3137 1374 3180 versus

273 3227 438 3286 maximam
459 3226 684 3286 dubitationem
710 3237 852 3286 movent:
890 3228 1054 3289 lor-tou
1083 3235 1115 3286 et
1141 3231 1202 3289 164
1224 3247 1291 3307 sqq.
1336 3231 1374 3288 In

271 3338 328 3396 illis
355 3337 483 3414 Milphio
515 3338 666 3415 promittit
690 3337 924 3414 Agorastoclem
954 3337 1083 3397 amicam
1113 3339 1208 3398 civem
1238 3339 1374 3399 Atticam

277 3447 428 3506 facturum
449 3464 531 3516 esse,
553 3465 621 3506 cum
644 3447 748 3506 sabula
769 3455 878 3505 nostra
900 3444 1060 3522 Calydone
1082 3456 1190 3524 agatur
1212 3445 1263 3526 (cl.
1279 3449 1373 3508 Rein·

276 3557 376 3618 hardt.
399 3557 431 3614 in
454 3557 542 3616 Stud.
565 3559 648 3616 stud.
670 3557 686 3615 Ι
707 3575 738 3633 p.
762 3558 832 3630 109,
862 3556 915 3634 qui
936 3574 975 3614 ex
1002 3555 1152 3616 hocloco
1174 3539 1373 3618 retractatam

276 3682 347 3724 esse
373 3666 506 3725 fabulam
534 3662 671 3742 conicit),
705 3675 867 3743 praeterea
897 3667 938 3725 illi
964 3685 1080 3736 versus,
1114 3685 1184 3726 cum
1214 3676 1247 3725 nt
1280 3686 1372 3745 supra

276 3775 406 3851 exposui
428 3794 455 3836 v.
478 3777 642 3836 147-149
667 3777 709 3834 ad
724 3775 958 3852 Agorastoclem
972 3777 1048 3836 dicti
1068 3777 1101 3836 in
1117 3785 1255 3836 nostrum
1270 3778 1372 3836 locum

278 3901 341 3961 quo
366 3903 472 3944 servos
494 3884 714 3963 Adelphasium
737 3885 910 3964 alloquitur,
933 3906 996 3946 non
1018 3869 1181 3963 quadrent,
1203 3903 1272 3946 cum
1286 3886 1376 3962 nullo¹

371 4124 397 4193 1)
415 4142 499 4193 nuper
518 4126 589 4180 idem
611 4127 711 4182 maiore
730 4127 890 4181 confidentia
909 4127 1049 4182 affirmavit
1076 4127 1110 4179 ci.
1130 4125 1185 4182 ind.
1205 4124 1289 4182 schol.
1307 4127 1369 4182 Itu.

273 4221 396 4292 188th,
415 4238 475 4291 pag.
496 4223 523 4279 4.
1021 4229 1025 4240 ’
