3138 4896
724 331 759 384 29

192 503 388 564 efficiendam
407 502 608 581 Milphionem
630 505 730 582 ipsum
752 505 1058 568 omniumdolorum
1079 527 1207 587 gnarum
1239 529 1290 571 su·

188 614 360 690 spirantem
381 614 477 690 lingat
498 614 592 676 etiam
614 615 752 676 Poenum
773 617 823 692 qui
846 625 880 678 ut
898 618 929 676 in
943 619 1072 694 prologo
1094 628 1143 678 est
1164 619 1288 681 Poenus

187 723 280 799 plane
302 732 351 782 est
365 732 523 784 vorsutum
535 742 616 794 esse,
638 725 683 784 sic
704 734 738 784 ut
758 726 928 803 puellarum
951 727 1068 804 agnitio
1089 746 1144 805 per
1164 729 1284 790 Gidde-

187 851 310 891 nemem
331 829 403 893 fiat?
439 834 502 892 Aut
524 837 682 910 quomodo
705 836 905 896 Franckenus
927 812 1094 914 explicabit
1115 840 1201 915 quod
1220 840 1288 899 Me-

187 944 353 1004 naechmus
377 944 430 1021 qui
459 945 615 1019 geminum
641 944 765 1004 fratrem
795 947 916 1031 quqerr't
942 947 1027 1006 nullo
1057 955 1196 1024 tempore
1224 966 1290 1006 sus·

187 1055 307 1130 picatur
328 1072 399 1113 eum
420 1073 488 1116 cum
511 1073 573 1132 quo
595 1055 634 1114 ab
657 1056 799 1114 omnibus
829 1056 1027 1118 confunditur
1055 1057 1178 1118 fratrem
1200 1055 1290 1118 esse?

286 1162 396 1240 Neque
430 1165 529 1224 maius
552 1173 742 1224 momentum
763 1164 896 1241 Hasperi
917 1166 1019 1246 ,alteri
1043 1184 1156 1227 causae
1187 1169 1298 1228 tribuo·

188 1273 274 1352 quod
294 1273 457 1334 Hannonis
487 1275 612 1347 ,fortuito
634 1276 769 1335 adventu
799 1276 824 1334 si
845 1275 973 1353 Milphio
1000 1278 1117 1354 puellas
1139 1278 1290 1354 ingenuas

190 1402 259 1443 esse
281 1385 465 1460 compererit
479 1383 540 1442 iam
562 1400 642 1460 opus
656 1402 721 1442 non
736 1383 785 1444 sit.
821 1383 900 1443 Nam
921 1402 984 1461 quo
1006 1395 1187 1461 argumento
1204 1386 1288 1462 Ago·

187 1493 336 1552 rastocles
358 1494 404 1552 uti
426 1501 531 1571 potest
544 1502 587 1552 ut
608 1492 726 1571 puellas
756 1512 788 1552 re
811 1512 882 1554 vera
912 1503 1069 1572 surreptas
1093 1513 1163 1554 esse
1186 1513 1289 1554 coram

187 1601 292 1662 iudice
313 1600 455 1690 evincat?
502 1604 573 1680 lpse
599 1602 760 1682 Milphioni
790 1604 896 1664 dolum
926 1605 1009 1665 illum
1040 1614 1074 1665 ut
1100 1606 1289 1682 ingrediatur

188 1713 331 1773 suadenti
353 1713 482 1790 opponit
504 1708 545 1788 (V
568 1715 596 1784 2,
622 1709 689 1790 Ill:

289 1823 313 1882 si
336 1824 378 1881 ad
398 1841 467 1881 eam
489 1841 554 1882 rem
575 1824 662 1882 testis
684 1823 817 1884 habeam
839 1823 951 1884 faciam
974 1825 1059 1901 quod
1079 1824 1180 1900 iubes;

188 1932 239 1991 cui
261 1932 445 1992 dubitationi
465 1931 593 2009 Milphio
628 1932 701 1990 nihil
733 1933 818 1993 aliud
839 1933 966 2012 obloqui
986 1942 1091 2010 potest
1111 1934 1170 1992 nisi
1192 1932 1287 1993 fortu-

189 2061 261 2100 nam
281 2041 383 2120 aliqua
406 2041 434 2099 ei
456 2042 637 2100 adiutricem
667 2041 731 2100 lore
755 2038 796 2118 (v.
820 2037 880 2119 13).
938 2042 980 2100 At
1001 2042 1223 2120 gravissimum,
1255 2045 1289 2102 id

190 2171 252 2228 quo
267 2151 345 2211 haec
360 2152 513 2212 sententia
532 2168 655 2228 prorsus
670 2150 823 2223 evertitur,
844 2152 898 2210 viri
912 2152 955 2210 illi
970 2151 1055 2211 docti
1069 2152 1162 2229 plane
1178 2153 1285 2230 negle-

193 2269 312 2320 xerunt:
342 2261 401 2320 nisi
422 2260 550 2338 Milphio
571 2270 664 2322 antea
685 2261 835 2338 comperit
857 2261 1079 2340 Adelphasium
1101 2270 1133 2323 et
1155 2263 1286 2323 Antera-

191 2371 290 2431 stilem
304 2371 454 2447 ingenuas
470 2388 539 2429 esse
556 2379 711 2446 surreptas
726 2369 923 2447 Carthagine,
947 2390 1081 2448 quanam
1096 2373 1283 2431 confidentia

189 2480 375 2541 Hannonem
398 2480 427 2536 V
450 2482 478 2549 2,
503 2481 562 2540 126
585 2498 642 2558 sqq
675 2481 824 2540 inducere
845 2489 960 2558 potest,
994 2490 1029 2541 ut
1058 2482 1173 2541 liberali
1192 2501 1286 2542 manu

189 2609 245 2650 eos
267 2591 401 2660 adserat,
426 2589 514 2666 quasi
535 2590 615 2648 filiae
638 2591 732 2668 ipsius
752 2587 832 2649 sint?
860 2592 923 2650 Aut
938 2591 1063 2650 omnino
1078 2592 1196 2650 nullum
1213 2611 1287 2651 con·

190 2700 290 2758 silium
322 2700 354 2758 in
379 2699 426 2758 his
456 2699 609 2775 fingendis
636 2708 731 2776 poeta
758 2700 936 2760 adhibuisse
957 2701 1120 2781 putandus
1143 2710 1199 2775 est,
1233 2709 1286 2762 aut

189 2806 317 2884 Milphio
341 2807 382 2866 de
404 2807 498 2867 libero
520 2826 627 2866 eorum
639 2808 764 2882 genere
786 2816 888 2867 certus
910 2826 980 2866 esse
1002 2808 1105 2870 debet.
1159 2809 1191 2868 Si
1212 2828 1285 2868 vero

189 2916 250 2975 hoc
262 2917 463 2986 concesseris,
486 2925 518 2974 et
531 2916 575 2974 IV
592 2919 610 2977 2
633 2925 666 2975 et
683 2919 922 2994 praecedentem
938 2935 1083 2977 scaenam
1098 2935 1168 2978 cum
1182 2928 1288 2996 poste·

190 3027 270 3084 tiore
310 3024 432 3084 fabulae
467 3035 554 3104 parte
587 3027 738 3087 artissime
773 3025 938 3086 cohaerere
970 3036 1125 3104 sequetur.
1184 3027 1288 3087 Vnum

190 3142 285 3193 restat
302 3142 516 3211 argumentum
532 3137 616 3211 quod
632 3144 757 3194 nostrae
783 3135 955 3201 sententiae
977 3143 1140 3212 repugnet:
1171 3125 1288 3195 ‘Ache-

190 3229 328 3302 runtem’
349 3245 474 3303 verbum
497 3253 638 3322 correpta
659 3247 756 3322 prima
778 3245 892 3322 syllaba
913 3245 945 3302 in
967 3264 995 3307 v.
1017 3247 1035 3306 9
1057 3243 1202 3322 positum.
1246 3247 1289 3306 At

189 3353 343 3412 mehercle
359 3355 479 3413 etiamsi
501 3372 572 3413 vere
594 3355 736 3414 Plautina
748 3355 889 3414 vocabuli
912 3355 944 3412 in
967 3353 1027 3413 hoc
1042 3371 1130 3413 versu
1145 3373 1287 3415 mensura

190 3471 284 3527 esset.
316 3462 460 3540 equidem
491 3483 554 3523 non
581 3465 755 3525 dubitarem
778 3464 851 3542 quin
873 3463 943 3523 huic
965 3464 1065 3522 versui
1086 3464 1172 3525 iuxta
1197 3483 1224 3527 v.
1248 3468 1286 3526 12

192 3573 277 3630 locus
300 3590 364 3632 non
385 3583 477 3637 esset.
531 3574 602 3634 Non
623 3592 750 3652 possum
771 3573 845 3633 mihi
866 3575 1054 3650 persuadere
1077 3573 1217 3634 Plautum
1240 3574 1288 3632 vel

190 3683 356 3758 quemlibet
377 3692 505 3760 poetam
525 3684 604 3744 haec
626 3684 851 3762 composuisse:

338 3793 407 3853 ν.7
449 3794 536 3869 quod
557 3792 632 3852 illud
653 3801 701 3852 est
722 3809 821 3869 genus

339 3919 366 3962 v.
390 3904 408 3962 9
453 3903 583 3978 quodvis
604 3917 702 3980 genus
725 3903 767 3960 rbi
788 3902 944 3961 hominum
965 3902 1071 3962 videas

340 4028 367 4068 v.
392 4012 431 4070 12
454 4011 558 4070 omnia
578 4027 693 4089 genera
713 4010 914 4088 recipiuntur:

189 4136 377 4196 quamquam
398 4121 566 4197 genuinam
594 4120 684 4180 buius
707 4122 774 4181 loci
793 4120 922 4180 formam
943 4139 1007 4180 non
1027 4122 1115 4198 potui
1136 4120 1286 4199 indipisci.

190 4229 229 4290 V.
254 4228 376 4290 10-12
401 4230 532 4292 tortasse
556 4231 600 4290 sic
622 4231 780 4294 restituas:
