3138 4896
774 329 806 383 10

238 509 386 570 Daiatzko
408 509 439 584 (11
463 511 608 589 pag.31).
630 511 715 571 nisus
734 513 829 570 verbo
851 499 1035 570 ‘vicissatim'
1058 513 1146 587 quod
1161 511 1237 570 illud
1253 520 1340 571 tuea-

240 629 296 680 tur.
335 622 381 680 Ex
403 622 463 682 alia
484 623 576 699 igitur
593 623 695 684 fabula
715 624 772 682 hos
795 639 899 682 versus
921 639 992 681 esse
1012 622 1114 682 illatos
1139 621 1188 682 hic
1210 623 1339 684 iudicat:

241 731 289 790 cui
312 732 484 792 sententiae
506 734 547 790 de
569 752 596 796 v.
612 735 652 793 46
669 740 700 790 et
714 735 754 793 47
776 733 869 810 plane
889 732 1077 802 accedimus,
1099 735 1140 793 48
1156 740 1188 792 et
1202 735 1243 794 49
1269 751 1340 791 vero

239 859 302 899 non
325 842 478 918 quadrare
499 840 557 899 nisi
582 842 614 900 in
636 841 807 916 argumenti
831 840 949 900 initium
969 849 1033 900 tam
1055 849 1194 917 apertum
1215 849 1276 910 est,
1308 849 1341 900 ut

240 959 324 1008 certe
346 968 384 1008 ex
406 951 519 1009 eodem
541 968 602 1026 quo
624 951 664 1009 illi
679 951 748 1009 ioco
772 949 927 1027 desumpti
949 967 1020 1010 esse
1041 968 1105 1009 non
1127 951 1260 1027 possint;
1283 951 1340 1009 sed
1359 937 1363 944 ¹

241 1067 342 1118 utrum
362 1059 514 1119 affinxerit
537 1079 592 1120 eos
615 1060 667 1138 qui
688 1061 769 1119 hanc
790 1067 911 1135 partem
932 1061 1105 1136 composuit
1127 1080 1167 1120 an
1189 1059 1246 1119 hos
1264 1077 1340 1137 quo·

240 1187 299 1245 que
329 1178 488 1229 mutuatus
516 1170 555 1228 sit
584 1188 640 1246 pro
673 1177 759 1227 certo
798 1185 862 1228 non
891 1178 996 1246 potest
1027 1169 1196 1229 diiudicari.
1239 1169 1340 1228 Etiam

239 1280 325 1355 quod
347 1279 387 1336 de
403 1280 602 1354 sequentibus
618 1278 752 1338 versibus
769 1277 933 1355 disputavit
947 1278 1096 1338 Dziatzko
1110 1278 1201 1337 valde
1215 1278 1340 1337 dubium

238 1388 311 1448 mihi
333 1389 467 1446 videtur:
500 1407 526 1450 v.
550 1390 673 1450 50-58
699 1408 719 1448 a
740 1388 941 1464 grammatico
955 1375 1101 1466 'quodam
1125 1406 1194 1447 esse
1216 1389 1340 1447 additos

240 1496 325 1574 (pag.
349 1501 387 1558 29
411 1506 443 1558 et
464 1494 524 1574 30).
568 1499 647 1557 Nam
668 1498 769 1574 legem
790 1498 872 1556 illam
905 1493 1006 1573 ‘vulgo
1029 1499 1237 1558 Plautinorum
1270 1517 1340 1574 pro·

240 1608 378 1682 logorum
400 1624 463 1664 non
487 1607 581 1666 fuisse
596 1625 711 1666 nomen
732 1571 854 1665 sabuiae
877 1607 1003 1683 eiusque
1025 1608 1075 1682 qui
1087 1625 1157 1665 eam
1169 1607 1341 1683 scripsisset

240 1716 463 1791 spectatoribus
491 1712 670 1792 proponere'
703 1713 787 1792 (pag.
812 1714 865 1790 18)
894 1697 961 1794 ipse
995 1697 1128 1792 neglexit
1154 1717 1185 1774 in
1207 1715 1340 1776 Casinae

239 1825 370 1903 prologo
392 1827 626 1902 pertractando:
653 1845 705 1886 cur
725 1845 791 1886 non
811 1828 894 1886 idem
918 1827 1056 1885 Poenulo
1079 1843 1158 1903 quae
1181 1843 1281 1902 aeque
1303 1844 1340 1883 ac

241 1935 355 1994 Casina
385 1936 517 2011 septimo
546 1935 670 1996 saeculo
703 1936 875 1996 identidem
898 1943 970 1996 acta
989 1945 1040 1994 est
1071 1930 1234 2011 largimur?
1278 1935 1340 1993 Sed

241 2044 299 2102 hae
320 2045 512 2121 potissimum
535 2063 648 2104 causae
668 2044 887 2104 Dziatzkonem
910 2052 943 2103 ut
966 2044 1041 2102 tituli
1060 2044 1339 2119 pronuntiationem
1367 2076 1370 2082 ·

240 2154 368 2230 prologo
396 2155 599 2212 antecessisse
633 2162 722 2230 putet
757 2161 967 2214 commovent:
998 2143 1080 2212 ‘cum
1104 2153 1204 2212 Plauti
1225 2171 1340 2212 nomen

240 2283 304 2322 non
329 2272 597 2333 commemoretur,
631 2282 688 2322 nec
721 2265 887 2340 quidquam
919 2263 1087 2338 excogitari
1112 2271 1207 2338 queat
1235 2263 1340 2322 curin

240 2373 378 2432 Poenulo
401 2391 448 2432 res
472 2374 558 2431 aliter
586 2391 620 2432 se
647 2373 785 2432 habuerit
807 2381 899 2449 atque
922 2373 953 2430 in
976 2373 1087 2430 ceteris
1110 2357 1339 2448 fabulis’.(pag.

240 2481 303 2557 29).
328 2481 391 2540 Sed
406 2482 490 2558 prius
505 2481 580 2540 illud
594 2489 817 2556 argumentum,
833 2481 881 2540 cui
896 2481 962 2556 ipse
977 2481 1078 2539 minus
1094 2481 1197 2540 tribuit
1209 2478 1295 2553 (adn.
1306 2478 1339 2557 2)

238 2609 363 2668 prorsus
386 2611 406 2650 a
427 2590 580 2650 Schoellio
602 2590 752 2648 refutatur
774 2584 808 2664 (11
830 2607 900 2666 pag.
917 2592 957 2650 41
974 2590 1045 2650 adn.
1061 2585 1130 2664 87);
1153 2578 1259 2664 ‘quem
1280 2583 1338 2668 (sc.

239 2710 380 2779 patruum
402 2695 704 2778 Pultiphagonidem)
739 2717 802 2757 non
835 2699 941 2758 dubito
972 2699 1046 2774 quin
1078 2698 1177 2774 ipsum
1199 2698 1339 2757 Plautum
1376 2735 1379 2742 ·

236 2801 383 2889 “poetam
398 2795 580 2870 barbarum''
595 2809 787 2868 denotaverit
801 2808 869 2870 coli.
884 2808 976 2871 Most.
996 2826 1022 2868 v.
1036 2792 1122 2878 8282
1146 2809 1195 2867 cui
1214 2817 1339 2868 senten·

239 2921 300 2980 tiae
330 2922 476 2996 equidem
505 2919 682 2994 adstipulor.
729 2918 821 2978 Narn-
837 2937 906 2978 cum
939 2917 1049 2978 Plauto
1078 2918 1205 2994 eiusque
1242 2919 1339 2978 imita·

239 3031 355 3088 toribus
369 3015 537 3088 ‘barbarus'
554 3046 675 3105 semper
689 3028 728 3086 sit
740 3027 899 3086 Romanus
912 3034 966 3086 aut
977 3035 1060 3084 certe
1076 3027 1171 3084 Italus
1183 3024 1340 3103 (exempla

238 3148 459 3216 congesserunt
480 3139 663 3214 interpretes
686 3138 765 3196 Brix.
789 3138 831 3196 ad
853 3137 936 3198 Trin.
960 3139 1011 3204 19,
1031 3137 1158 3196 Lorenz.
1182 3138 1223 3196 ad
1243 3136 1336 3196 Most.

240 3251 311 3318 815,
334 3250 456 3325 Vssing.
478 3251 520 3309 ad
532 3248 624 3314 Asin.
639 3244 691 3321 11)
714 3255 808 3322 atque
830 3247 880 3306 illo
902 3245 1111 3304 Mostellariae
1133 3246 1203 3304 loco
1225 3245 1339 3322 opufex

240 3358 387 3416 barbarus
420 3358 594 3416 nominetur
626 3357 834 3434 pultiphagus
866 3357 933 3414 sine
955 3355 1049 3422 dubio
1071 3363 1103 3414 et
1122 3355 1183 3414 hoc
1206 3354 1274 3413 loco
1298 3355 1338 3412 de

240 3469 382 3527 Romano
420 3468 439 3527 i.
464 3485 490 3526 e.
523 3469 564 3526 de
603 3468 670 3542 ipso
692 3465 803 3524 Plauto
835 3464 1075 3539 intellegendum
1098 3456 1157 3522 ¹est
1182 3463 1243 3523 hoc
1266 3482 1339 3541 cog·

239 3595 362 3637 nomen.
408 3576 488 3635 Vide
509 3584 670 3651 praeterea
701 3592 781 3651 quae
804 3574 999 3632 Franckenus
1027 3573 1180 3634 Mnemos.
1202 3572 1247 3631 IV
1269 3592 1339 3650 pag.

241 3689 301 3747 163
325 3695 357 3744 et
378 3688 438 3746 164
461 3687 502 3744 de
522 3684 707 3761 pultiphagis
729 3684 879 3744 Romanis
903 3683 1040 3742 contulit
1086 3681 1186 3753 Quam
1215 3699 1339 3742 causam

239 3804 401 3873 praeterea
443 3794 651 3854 Reinhardtus
682 3782 735 3850 ‘de
774 3793 945 3852 retractatis
987 3792 1096 3851 fabulis
1129 3777 1284 3850 Plautinis'
1308 3793 1340 3851 in

240 3905 327 3963 Stud.
350 3905 432 3964 stud.
454 3904 468 3962 1
490 3923 561 3980 pag.
586 3907 646 3963 110
673 3903 790 3980 profert
808 3897 1006 3962 ‘Hannonem
1027 3901 1254 3962 Muthumballis
1276 3919 1339 3961 non

241 4013 473 4090 Pultiphagonis
496 4030 565 4072 esse
587 3999 688 4072 fiiium'
710 4012 793 4072 nihili
815 4021 876 4073 est:
900 4030 940 4070 an
962 4012 1023 4070 iam
1045 4010 1177 4069 coniciet
1198 4009 1339 4070 Plautum

241 4123 470 4200 Pultiphagonis
496 4140 566 4180 esse
594 4117 705 4180 filium?
747 4120 856 4197 Neque
878 4121 946 4197 plus
969 4138 1007 4177 ex
1030 4119 1097 4177 eius
1121 4119 1218 4179 verbis
1241 4121 1338 4179 lucra·

241 4252 321 4296 mur:
346 4221 392 4294 ‘et
413 4233 438 4294 si
459 4232 520 4294 hoc
540 4231 709 4294 Ritschelio
731 4231 857 4305 tribuas,
889 4239 993 4293 tamen
1022 4229 1140 4308 aliquos
1163 4247 1268 4290 versus
1290 4230 1339 4291 hic
