3138 4896
752 385 785 441 35

216 549 359 642 Denique
373 564 473 642 ipsum
488 564 613 622 verbum
625 550 751 622 ‘alium'
771 566 856 623 nullo
873 566 998 624 adiecto
1012 585 1069 642 pro
1088 551 1215 625 ‘ceteri'
1229 582 1316 625 usur·

215 647 293 751 pant
310 672 426 733 Caesar
447 681 479 730 et
503 672 662 732 Sallustius
683 669 836 748 (Draeger
850 670 878 730 12
900 671 984 751 105),
1007 692 1024 730 e
1048 674 1156 750 quibus
1174 673 1315 733 Caesaris

215 785 301 842 locus
323 784 353 842 b.
376 803 406 862 g.
428 783 518 842 141:
539 771 641 857 ‘quod
663 801 701 840 ex
724 784 790 842 aliis
814 784 843 842 ei
864 786 1028 843 maximam
1050 784 1143 842 fidem
1165 771 1314 843 habebat'

214 902 320 953 nostro
348 894 448 952 versui
470 912 563 970 quam
591 895 723 952 maxime
754 903 803 952 est
835 894 1012 970 propincus.
1066 893 1113 951 Ex
1147 892 1193 951 his
1225 894 1315 968 igitur

214 1005 401 1079 argumentis
425 1003 579 1063 concludo
603 1003 671 1062 illos
694 1021 799 1062 versus
821 1022 840 1060 a
863 1003 973 1062 Plauto
997 1003 1222 1062 abiudicandos
1244 1021 1314 1061 esse

215 1121 247 1171 et
268 1113 355 1171 alteri
378 1115 458 1189 parti
481 1114 593 1172 saeculi
614 1113 736 1189 septimi
762 1112 985 1172 attribuendus.
1000 1181 1004 1187 ,
1019 1114 1057 1174 V.
1073 1121 1177 1172 autem
1190 1116 1313 1172 20-24

215 1224 239 1281 si
262 1224 349 1281 deles
372 1232 455 1281 certe
476 1241 539 1280 non
562 1223 659 1281 minus
681 1223 827 1281 reiciendi
857 1231 928 1280 sunt
950 1231 1116 1298 sequentes
1139 1219 1249 1300 (usque
1272 1224 1314 1280 ad

214 1352 242 1394 v.
280 1332 332 1407 30)
368 1333 440 1409 quia
481 1348 549 1389 cum
585 1332 642 1389 illis
678 1340 743 1389 arte
780 1331 957 1392 cohaerent.
1026 1330 1179 1391 Secuntur
1209 1349 1312 1390 versus

215 1442 383 1517 suspiciosi,
417 1459 495 1516 quos
524 1442 584 1498 iam
611 1440 769 1516 Hasperus
792 1457 849 1499 suo
877 1448 911 1498 ut
933 1442 1054 1498 videtur
1083 1442 1147 1500 iure
1170 1441 1324 1501 exclusit:'

213 1569 286 1609 nam
307 1551 436 1627 primum
447 1551 670 1628 Adelphasium
686 1551 779 1609 etiam
800 1551 872 1608 nihil
895 1550 936 1608 de
948 1568 1063 1626 genere
1079 1568 1135 1608 suo
1152 1553 1309 1627 comperit,

213 1679 283 1718 cum
311 1660 357 1719 his
384 1662 520 1719 versibus
552 1679 667 1736 genere
697 1660 851 1737 glorietur,
887 1669 952 1720 tum
983 1679 1104 1719 versum
1135 1662 1175 1720 34
1204 1661 1312 1718 melius

212 1770 406 1829 Anterastilis
449 1772 565 1858 diceret
598 1789 690 1848 quarn
734 1770 963 1846 Adelphasium,
1007 1789 1088 1846 quae
1120 1788 1233 1829 scaena
1255 1771 1310 1829 12

118 1865 124 1880 '
211 1881 352 1938 mulieres
375 1881 462 1937 nr'rar’s
489 1879 578 1956 poliri
604 1880 677 1938 satis
706 1880 858 1955 exposuit.
914 1879 1022 1956 Itaque
1045 1879 1155 1938 Plauto
1186 1882 1313 1957 dignum

211 1989 397 2065 colloquium
429 1979 463 2048 ut
495 1965 690 2047 restituamus
719 1963 819 2046 versui
850 1989 940 2047 huius
969 2007 1100 2048 scaenae
1133 1991 1169 2049 19
1192 2009 1311 2048 versum

213 2101 252 2158 35
275 2101 489 2174 adiungamus

310 2207 377 2266 Iam
399 2207 440 2265 ad
462 2206 590 2265 alteram
612 2225 745 2266 scaenae
770 2217 889 2284 partem
923 2202 956 2288 (a
978 2227 1005 2268 v.
1033 2209 1086 2284 41)
1109 2218 1310 2280 transeamus,

210 2335 274 2375 non
288 2318 387 2375 minus
403 2316 616 2378 deionnatam.
649 2317 695 2375 Ex
712 2335 854 2376 versuum
876 2319 985 2375 ordine
1001 2336 1082 2393 quae
1099 2319 1311 2378 dubitationes

209 2443 268 2484 nos
290 2435 435 2485 moveant
456 2427 686 2502 explicabimus.

310 2535 357 2594 Ac
382 2536 512 2612 primum
543 2537 574 2594 in
597 2556 624 2594 v.
648 2539 772 2596 42-52
801 2536 963 2595 offensioni
996 2544 1053 2608 est,
1088 2539 1174 2613 quod
1206 2541 1310 2597 denuo

210 2645 389 2721 Adelphasii
411 2646 580 2721 sapientiae
602 2645 664 2702 iam
686 2646 759 2704 satis
789 2653 948 2722 spectatae
970 2647 1121 2722 exempla·
1134 2665 1309 2723 proponun-

210 2762 259 2812 tur
280 2772 379 2829 eaque
406 2771 506 2812 rerum
528 2754 668 2811 ordinem
690 2754 909 2828 perturbantia.
961 2756 1011 2812 An
1033 2773 1096 2813 non
1117 2775 1209 2832 aegre
1232 2757 1309 2814 fera·

209 2879 276 2920 mus
298 2879 429 2920 necesse
451 2871 500 2920 est
520 2862 708 2921 Hannonem
731 2870 764 2920 et
785 2863 1020 2937 Agorastoclem
1043 2865 1172 2940 primum
1194 2867 1310 2924 amicos

211 2989 244 3029 se
259 2973 407 3047 praebere
421 2980 515 3048 atque
538 2973 570 3031 id
586 2990 648 3049 quo
672 2973 813 3047 tendunt,
837 2982 871 3030 ut
883 2973 1054 3032 libertatem
1069 2983 1180 3050 parent
1191 2974 1308 3051 puellis,

210 3082 327 3157 aperire
360 3081 413 3155 (42
437 3099 482 3159 sq,
506 3082 587 3140 clare
609 3101 636 3142 v.
660 3076 724 3160 48),
750 3090 814 3140 tum
838 3083 963 3140 demum
995 3085 1154 3142 consilium
1177 3085 1252 3142 inire
1276 3094 1309 3143 ut

208 3191 282 3249 ludo
314 3209 368 3249 eas
392 3188 549 3250 crucient?
598 3192 728 3250 Accedit
755 3193 841 3268 quod
863 3193 1073 3269 Agorastoclis
1100 3195 1198 3252 oratio
1221 3213 1247 3253 v.
1268 3195 1308 3254 49

208 3317 265 3376 sqq
297 3302 393 3358 multo
425 3302 533 3359 melius
567 3303 609 3360 ad
628 3303 772 3389 ¹priorem
805 3319 937 3360 scaenae
970 3310 1089 3378 partem
1122 3303 1307 3379 adiungitur,

208 3426 269 3486 qua
292 3409 406 3467 Hanno
428 3418 460 3467 et
480 3410 700 3486 Agorastocles
725 3413 834 3469 semoti
855 3431 874 3469 a
894 3412 1001 3487 puellis
1025 3429 1129 3470 earum
1152 3412 1307 3470 orationes

208 3520 404 3578 admirantur.
454 3519 564 3595 Neque
583 3506 727 3596 ‘patrue’
756 3539 782 3580 v.
806 3521 846 3580 49
876 3521 1093 3595 Agorastocles
1119 3521 1308 3580 Hannonem

208 3629 320 3705 alloqui
353 3636 469 3704 potest,
512 3630 584 3704 quia
617 3649 644 3689 v.
679 3631 716 3687 57
750 3630 801 3686 ubi
833 3630 961 3705 primum
994 3630 1214 3707 Adelphasium
1248 3631 1309 3689 hoc

208 3737 333 3796 verbum
354 3739 471 3797 audivit
492 3739 629 3815 quaerit:
659 3727 749 3797 ‘num
770 3748 898 3815 patruos
929 3748 977 3798 est
1001 3749 1071 3799 tuos
1100 3726 1186 3801 hic'?
1228 3740 1307 3798 Nam

208 3848 293 3922 quod
315 3848 383 3922 quis
416 3847 542 3924 obloqui
564 3849 662 3924 possit
684 3850 725 3905 ad
748 3866 842 3908 unum
864 3848 1051 3908 Hannonem
1085 3858 1148 3908 tam
1181 3851 1307 3908 remissa

208 3972 284 4014 voce
306 3955 385 4014 haec
404 3956 498 4014 verba
530 3955 727 4032 pronuntiata
759 3974 829 4016 esse
852 3966 886 4017 ut
906 3957 1029 4034 puellae
1052 3977 1091 4016 ea
1114 3959 1220 4016 audire
1242 3977 1306 4016 non

207 4063 371 4139 potuerint,
409 4065 470 4124 hoc
502 4081 577 4123 sane
609 4067 651 4123 de
683 4067 820 4124 versibus
845 4068 883 4130 78
906 4075 938 4124 et
971 4069 1010 4126 79
1046 4067 1185 4125 celeriter
1217 4069 1307 4127 dictis

207 4173 385 4249 negandum
414 4192 477 4232 non
505 4184 562 4240 est,
598 4183 631 4234 at
652 4173 708 4232 hos
732 4193 836 4233 versus
869 4193 948 4250 quos
972 4176 1190 4251 Agorastocles
1220 4178 1308 4253 quasi

208 4281 396 4359 triumphans
418 4285 588 4360 proclamat
611 4303 629 4342 a
650 4284 757 4360 puellis
774 4282 901 4342 'auditos
925 4303 988 4342 non
1009 4302 1078 4343 esse
1094 4287 1221 4344 credere
1242 4304 1306 4343 non
