3138 4896
761 334 794 385 41

227 509 365 568 aceteris
378 507 496 583 seiungi
507 527 570 566 non
578 515 690 584 potest.
708 507 818 582 Neque
830 507 943 565 desunt
955 507 1031 566 alia:
1047 507 1191 565 miramur
1199 507 1325 565 militem

227 626 391 696 postquam
413 617 633 692 Agorastocles
663 618 692 674 ei
720 618 887 694 puellarum
908 625 1026 693 patrem
1049 634 1116 674 esse
1137 616 1327 674 Hannonem

228 726 398 785 enuntiavit
420 729 501 786 nullo
524 728 618 786 verbo
639 729 845 803 respondere;
883 736 946 785 tum
968 727 1130 784 offensioni
1152 734 1200 783 est
1223 744 1327 784 versus

230 840 279 913 38,
303 837 365 894 sive
387 837 426 894 ab
450 835 653 910 Agorastocle
680 835 801 905 dicitur,
831 835 904 909 quia
933 834 1042 892 ceteris
1065 843 1216 912 repugnat
1238 828 1327 912 (eave

230 963 299 1003 eum
320 945 470 1003 abiecisse
492 945 576 1012 velis,
605 962 676 1000 nam
699 962 768 1002 cum
791 952 941 1018 sequente
963 945 1134 1019 ceterisque
1159 941 1327 1020 cohaeret),

229 1057 291 1114 sive
314 1064 348 1112 ut
370 1054 583 1113 Brachmanno
604 1054 708 1129 placet
728 1072 748 1111 a
767 1053 871 1132 milite,
895 1054 965 1129 quia
988 1063 1053 1111 tum
1068 1063 1099 1112 et
1107 1037 1214 1112 ntotum
1229 1071 1327 1111 enun·
1417 1076 1420 1084 ¹

229 1168 338 1224 tia‘tum
360 1166 439 1222 male
467 1165 620 1223 laceratur
646 1181 703 1222 nec
731 1181 836 1222 versus
868 1165 941 1222 satis
975 1166 1108 1238 quadrat
1137 1182 1207 1222 cum
1226 1182 1252 1220 v.
1276 1166 1327 1225 47.

229 1274 381 1349 Denique,
410 1291 471 1348 quo
499 1281 597 1330 totam
620 1271 832 1348 quaestionem
853 1273 969 1330 absolvi
991 1280 1077 1348 puto,
1099 1273 1217 1330 initium
1238 1273 1328 1331 huius

230 1399 362 1443 scaenae
384 1401 402 1438 a
424 1391 491 1440 toto
514 1390 585 1439 actu
601 1391 649 1439 est
671 1381 811 1441 alienum.
848 1380 978 1456 Nequeo
1000 1381 1081 1439 enim
1103 1381 1181 1440 haec
1205 1399 1329 1459 compo·

229 1509 318 1552 nere:
357 1493 482 1549 militem
519 1492 714 1548 furibundum
752 1498 785 1547 et
817 1490 1039 1548 conviciantem
1072 1491 1222 1548 accedere
1255 1492 1330 1549 dum

230 1601 448 1678 Agorastocles
481 1602 642 1678 ceterique
669 1601 701 1657 in
726 1601 820 1658 altera
849 1600 1022 1675 proscaenii
1055 1609 1144 1676 parte
1175 1602 1330 1659 coniuncti

230 1719 311 1781 sunt,
333 1728 371 1768 ac
392 1711 493 1768 subito
516 1710 669 1778 lenonem,
693 1711 733 1767 de
757 1710 843 1766 cuius
871 1710 1005 1766 adventu
1027 1709 1100 1765 nihil
1116 1709 1328 1784 comperimus,

230 1820 309 1880 clam
332 1837 440 1878 omnes
474 1821 626 1878 accedere
659 1828 691 1877 et
721 1819 932 1893 Agorastoclis
964 1819 1072 1876 audire
1106 1819 1208 1879 verba.
1260 1818 1329 1877 Hoc

230 1939 295 1988 tum
317 1931 442 1988 demum
459 1929 638 2004 intellegere
659 1945 794 2006 possem,
826 1929 852 1986 si
885 1936 957 1986 ante
980 1945 1124 1986 scaenam
1146 1926 1175 1982 V
1197 1929 1215 1985 4
1240 1928 1330 1985 inea

231 2041 410 2097 recensione
435 2039 520 2096 cuius
549 2038 626 2094 alter
654 2039 750 2096 exitus
785 2046 834 2095 est
865 2037 1005 2094 nonnulli
1034 2036 1153 2094 lenonis
1187 2037 1329 2094 adeuntis

231 2163 336 2206 versus
370 2147 552 2214 adfuissent,
585 2145 697 2202 similes
721 2163 746 2206 v.
770 2145 799 2201 V
821 2146 850 2216 6,
876 2147 973 2203 1-4:
1006 2153 1071 2202 tum
1094 2146 1164 2204 leno
1185 2147 1216 2204 in
1235 2147 1331 2204 altera

232 2275 363 2316 scaenae
396 2264 485 2333 parte
510 2256 697 2314 Hannonem
717 2273 786 2312 cum
808 2255 874 2312 suis
902 2256 1137 2331 colloquentem,
1172 2275 1210 2314 ex
1234 2257 1331 2315 altera

232 2367 357 2424 militem
382 2367 618 2440 adgredientem
640 2349 767 2422 uidisset
790 2372 884 2439 atque
907 2373 941 2420 ut
964 2380 1018 2422 eos
1042 2366 1222 2425 observaret
1243 2367 1328 2426 resti·

233 2477 329 2536 tisset.
368 2475 431 2534 Sed
452 2475 511 2534 hoc
533 2491 572 2531 ne
586 2454 747 2532 coniciam
769 2474 829 2532 hoc
854 2475 983 2549 impedit
1005 2477 1090 2550 quod
1113 2476 1183 2534 leno
1207 2477 1249 2535 sic
1270 2479 1348 2537 iam-

232 2605 258 2642 v.
282 2585 311 2643 V
333 2589 362 2654 5,
387 2587 426 2644 15
448 2594 566 2660 patrem
596 2585 766 2661 puellarum
798 2585 960 2642 advenisse
983 2586 1191 2659 comperisset.
1248 2587 1331 2646 Tan·

232 2704 297 2752 tum
330 2695 421 2770 igitur
452 2712 507 2769 pro
541 2701 626 2752 certo
655 2712 706 2752 me
738 2694 877 2752 effecisse
904 2704 984 2770 puto
1014 2697 1145 2770 priorem
1174 2699 1290 2755 exitum
1311 2717 1330 2755 a

233 2803 342 2861 Plauto
364 2821 434 2860 esse
449 2797 663 2881 profectum1)‚
687 2811 796 2879 postea
815 2820 885 2860 cum
901 2804 1028 2861 alterum
1047 2804 1162 2862 exitum
1185 2814 1249 2863 tum
1270 2805 1330 2864 alia

232 2913 325 2970 multa
347 2928 418 2970 esse
439 2911 571 2980 adiecta,
593 2911 773 2987 praesertim
794 2910 826 2968 in
848 2912 997 2969 scaenai
1020 2915 1085 2971 2et
1108 2912 1136 2968 V
1158 2917 1187 2974 4.

358 3161 383 3225 1)
403 3158 502 3222 Bergki
530 3165 557 3208 et
579 3158 722 3222 Brugmani
751 3165 932 3222 argumentum
963 3160 1032 3209 bene
1061 3161 1183 3211 refutavit
1206 3163 1333 3212 Goetzius

234 3263 283 3308 act.
303 3255 420 3306 V132b'.
